2363 3570
880 950 1339 1010 PROOEMIUM.

299 1271 406 1306 Offero
438 1271 521 1316 Tibi,
558 1272 658 1306 lector
695 1272 869 1316 benevole,
908 1271 1042 1305 indicem
1069 1281 1201 1315 parmm
1238 1270 1466 1305 Molluscorum
1493 1271 1736 1316 Japonicorum‚
1776 1280 1859 1314 quae
1894 1272 1960 1313 jam
1997 1276 2071 1305 ante

141 1367 264 1410 aliquot
290 1371 413 1411 tempus
441 1367 633 1401 clarissimus
656 1366 692 1400 H.
716 1368 750 1401 G.
770 1367 899 1402 BRONN
927 1356 1209 1409 Heidelbergensis
1227 1368 1435 1401 amicissimus
1455 1367 1496 1400 ad
1523 1376 1573 1400 me
1598 1368 1689 1411 misit,
1717 1371 1751 1400 ut
1778 1368 1922 1410 singulas
1949 1369 2075 1410 species

143 1461 381 1496 determinarem
409 1466 440 1495 et
467 1464 570 1496 acrius
597 1466 816 1506 perscrutarer.
856 1462 989 1506 Species
1017 1472 1128 1496 omnes
1154 1463 1234 1507 illas,
1261 1471 1345 1506 quae
1373 1463 1446 1495 mihi
1473 1471 1578 1506 neque
1600 1464 1749 1505 cognitae
1772 1472 1876 1507 neque
1897 1463 2075 1507 descriptae

145 1566 217 1590 esse
245 1557 447 1602 videbantur,
484 1559 514 1591 in
554 1560 795 1615 commentariis
824 1558 1111 1601 conchyliologieis
1139 1568 1158 1592 a
1186 1559 1258 1592 clar.
1285 1558 1427 1592 ΜΕΝΚΕ
1457 1561 1489 1591 et
1514 1558 1704 1593 PFEIFFER
1732 1558 1822 1592 editis
1845 1560 1911 1601 Jam
1940 1559 2075 1592 brexiter

142 1653 333 1686 adumbravi.
388 1651 494 1686 Ornat.
523 1652 641 1695 NUHN‚
669 1653 810 1686 medicus
838 1653 972 1697 navalis,
999 1653 1050 1686 illa
1078 1654 1236 1688 Mollusca
1265 1655 1295 1687 in
1323 1658 1415 1698 portu
1443 1654 1594 1688 Decimae
1622 1655 1758 1697 collegit.

302 1756 402 1789 Valde
430 1757 524 1790 doleo
553 1766 637 1790 nunc
665 1756 798 1799 denuun,
827 1765 896 1790 cum
926 1757 1091 1790 absolutus
1120 1758 1158 1790 sit
1186 1757 1281 1791 index
1309 1766 1408 1801 meus,
1436 1766 1485 1790 me
1504 1758 1624 1791 vidisse
1648 1758 1822 1800 diagnoses
1846 1757 2074 1792 Molluscorum

142 1852 387 1895 Japonicorum⁷
426 1860 507 1894 quas
542 1851 614 1884 clar.
642 1851 682 1884 A.
710 1851 845 1885 ADAMS
874 1853 904 1884 in
936 1852 1081 1896 „Annals
1108 1852 1171 1885 and
1198 1852 1370 1895 Magazine
1410 1853 1446 1887 os
1477 1853 1607 1886 Natural
1645 1850 1795 1896 History‘·
1837 1863 1921 1887 anno
1961 1857 2075 1887 exacto

142 1947 362 1990 promulgavit.
417 1947 563 1981 Fortasse
602 1949 727 1991 species
755 1947 912 1990 quaedam
940 1947 1156 1981 Adaiusianae
1197 1950 1274 1981 meis
1310 1949 1523 1992 respondeum
1564 1949 1659 1982 nihilo
1699 1953 1804 1982 tamen
1841 1951 1942 1982 minus
1983 1958 2076 1992 spero

142 2043 208 2076 sore
236 2046 270 2076 ut
297 2047 446 2076 accurata
473 2043 642 2085 descriptio
672 2052 778 2075 earum
805 2043 948 2075 iconibus
977 2043 1129 2076 illustrata
1156 2044 1241 2077 haud
1268 2044 1426 2088 superflua
1454 2046 1501 2077 sit.

299 2145 393 2186 Quod
420 2148 527 2180 attinet
557 2146 597 2179 ad
615 2147 725 2180 icones
747 2146 1007 2189 praemittendum
1033 2148 1105 2180 mihi
1126 2151 1174 2181 est
1194 2150 1355 2192 pictorem,
1383 2153 1417 2182 ut
1445 2149 1585 2182 colorem
1613 2148 1716 2181 albuni
1745 2149 1941 2191 exprimeret,
1970 2149 2076 2191 pluni-

142 2242 215 2275 bum
237 2242 437 2275 carbonicum
465 2241 656 2275 adhibuisse.
696 2241 790 2281 Quod
818 2242 911 2275 valde
940 2242 1044 2283 doleo,
1073 2253 1168 2286 quum
1197 2244 1285 2277 color
1312 2244 1372 2287 ille,
1399 2244 1429 2277 id
1455 2243 1542 2286 quod
1562 2244 1639 2276 inter
1663 2253 1772 2277 omnes
1792 2247 1927 2285 constat,
1956 2245 2072 2276 sensim

141 2342 288 2379 mutetur⁷
329 2347 393 2381 quo
432 2338 546 2371 iactum
589 2340 645 2381 est7
685 2341 714 2370 ut
755 2347 802 2371 cx.
831 2347 876 2379 gr.
904 2337 1085 2371 Turbonilla
1113 2339 1235 2372 terebra
1273 2342 1301 2371 et
1339 2339 1501 2380 cingulata
1543 2347 1602 2371 nec
1643 2348 1706 2372 non
1744 2343 1876 2382 utraque
1913 2338 2074 2371 Scalariae

144 2434 268 2475 specics
295 2433 494 2467 obscuriores
522 2436 701 2476 appareant.

300 2537 333 2569 In
362 2536 422 2569 fine
450 2536 543 2569 libelli
572 2545 682 2569 onmes
711 2536 938 2570 Molluseorlun
967 2539 1092 2580 speeies
1117 2537 1306 2580 Japonicas,
1343 2547 1426 2581 quae
1454 2538 1526 2570 mihi
1554 2539 1704 2579 cognitae
1732 2543 1801 2571 sunt
1833 2540 2001 2579 annotavi,
2042 2542 2072 2570 ut

142 2632 264 2664 indoles
293 2631 418 2664 Faunae
447 2633 539 2664 maris
567 2631 730 2673 Japonici,
761 2633 904 2674 quamvis
933 2632 974 2665 ad
1000 2633 1082 2665 hunc
1114 2632 1193 2666 (lieni
1223 2633 1391 2666 admodum
1420 2634 1608 2676 incompleta
1638 2635 1691 2675 sit,
1721 2634 1834 2666 clarius
1862 2634 2075 2675 perspiciatur.

142 2727 258 2760 Pariter
287 2727 422 2758 ornnitun
451 2735 533 2768 quae
562 2726 623 2759 huc
651 2735 753 2769 usque
782 2727 939 2770 descrIpta
968 2732 1038 2759 sunt
1070 2727 1296 2760 Malluscorum
1327 2729 1514 2761 terrestrium
1544 2732 1572 2761 et
1601 2737 1752 2771 aquarum
1781 2728 1917 2761 dulcium
1949 2729 2074 2760 nomina

141 2824 253 2864 recepi.
309 2821 355 2853 Ex
393 2821 537 2854 omnibus
575 2825 659 2864 patet
702 2821 839 2854 Faunanr
878 2822 1105 2855 Molluscorum
1140 2822 1326 2865 Japonicarn
1367 2824 1471 2855 intime
1510 2824 1708 2864 conjunctam
1747 2831 1819 2855 esse
1855 2831 1924 2854 cum
1966 2821 2070 2854 Fauna

143 2916 275 2949 Sinensi.
