2363 3570
1251 333 1300 364 28

750 467 832 500 128.
886 467 1080 503 CYRENA
1110 468 1398 501 FLUVIA'HLIS
1426 467 1670 513 (TELLINA)
1699 470 1808 503 Mum..

1050 542 1113 566 llist.
1134 550 1212 566 verm.
1232 542 1282 566 vol.
1302 542 1343 567 alt.
1364 550 1420 575 pag.
1441 542 1499 566 206.

450 601 573 630 Unicum
598 601 751 640 specimen
771 602 906 641 juvenile
931 603 1039 632 lectum
1065 607 1112 632 cst
1136 607 1211 633 testa
1235 602 1472 640 ovato-cordata,
1498 602 1728 641 suborbiculari‚
1755 603 1848 633 sulcis
1882 605 2087 634 concentricis
2121 606 2240 645 regula—

318 656 400 686 ribus
431 656 622 694 instructum,
661 657 845 696 epidermide
878 658 1009 689 olivacea
1043 658 1132 689 nitida
1165 659 1280 698 postice
1315 658 1528 698 aliquantulum
1562 658 1716 688 lamellosa
1749 659 1921 689 obductum.
1968 661 2118 690 Umboncs
2150 661 2179 690 in
2204 671 2241 691 eo

317 712 420 742 tumidi
445 716 514 742 sunt
539 716 567 742 et
592 713 695 750 erecti,
722 713 819 752 paullo
844 714 1019 744 decorticati
1043 719 1073 744 et
1097 716 1188 745 erosi.
1234 715 1352 744 lnterna
1379 715 1470 744 facies
1496 714 1737 745 lusco-violacea.
1785 716 1882 745 Cardo
1914 717 1941 746 in
1967 721 2094 756 utraque
2123 717 2238 747 valvula

319 768 509 806 tridentatus,
535 769 563 797 in
588 769 708 798 sinistra
733 769 791 798 duo
816 770 941 800 laminae
966 780 1063 810 usque
1087 771 1122 800 ad
1147 771 1362 810 impressiones
1387 771 1574 800 musculares
1600 770 1763 800 decurrunt
1787 772 1925 811 utrinque
1950 773 2139 811 crenulatae,
2165 783 2240 813 quae

320 824 445 853 laminae
471 834 485 853 a
513 825 622 854 t'ossula
647 825 750 855 valvae
775 825 899 854 dextrae
923 827 1034 865 pariter
1058 827 1210 856 erenulata
1235 827 1428 866 recipiuntur.
1474 826 1539 856 Non
1564 826 1732 856 dubitamus
1766 828 1835 866 quin
1872 828 1946 857 banc
1983 828 2127 858 concham
2159 833 2241 859 recte

320 880 507 919 interpretati
531 881 633 910 simus.
681 881 880 910 Cont'erantur
904 891 980 921 quae
1005 883 1076 912 clar.
1103 883 1217 912 l‘murri
1252 883 1288 912 de
1321 883 1375 912 bac
1398 883 1501 922 specie
1525 883 1599 912 dixit
1622 883 1650 912 in
1677 883 1794 914 iconum
1820 884 1876 913 vol.
1902 884 1934 921 Il.
1962 894 2026 924 pag.
2053 886 2102 915 77.

902 997 984 1030 129.
1040 996 1254 1030 CARDNJM
1281 997 1540 1031 JAPONICUM
1575 997 1659 1030 Dim.

1064 1071 1126 1095 Vide
1146 1071 1206 1095 Tab.
1226 1077 1303 1096 nostr.
1323 1071 1368 1103 Ill,
1390 1073 1429 1103 lig.
1454 1073 1491 1097 16.

449 1130 537 1159 'l'esta
569 1131 820 1169 suborlucularis,
858 1132 1076 1170 barido-alba,
1111 1133 1191 1162 striis
1222 1133 1421 1162 concentricis
1451 1134 1640 1164 tenuissimis
1674 1134 1829 1173 sulcisque
1863 1134 2025 1164 subtilibus
2058 1134 2241 1165 radiantibus

315 1185 478 1223 instructa,
514 1186 698 1225 epidermide
729 1188 810 1217 tenui
836 1189 996 1217 straminea
1029 1189 1155 1226 vestita;
1187 1189 1333 1218 umbones
1358 1190 1460 1219 tumidi
1485 1199 1519 1219 se
1545 1190 1672 1219 invicem
1698 1193 1877 1229 tangentes:
1904 1190 2095 1229 ligamentum
2121 1199 2242 1230 parvum

314 1250 468 1271 corneum.

523 1306 712 1337 Cardium
737 1308 778 1337 Ja
789 1318 806 1347 p
817 1309 926 1337 onicu
938 1318 963 1337 m
991 1309 1059 1338 Dua.
1086 1310 1113 1338 in
1140 1309 1282 1339 malale.
1308 1309 1349 1340 Bl.
1375 1310 1431 1341 vol.
1457 1310 1503 1348 vl,
1530 1320 1594 1350 pag.
1620 1310 1691 1340 223.

447 1372 606 1410 Specimcn
640 1373 758 1402 unicum
792 1373 910 1403 allatum
943 1377 988 1403 est
1014 1373 1052 1403 73
1079 1374 1146 1403 mill.
1181 1374 1312 1413 longum.
1358 1374 1584 1414 Longitudinis.
1620 1374 1785 1404 altitudinis
1818 1378 1845 1404 et
1879 1375 2088 1404 crassitudinis
2113 1375 2188 1404 ratIO
2214 1375 2243 1404 in

318 1436 355 1456 eo
379 1428 512 1457 numeris
543 1428 613 1466 100,
638 1426 689 1465 95,
716 1428 755 1458 60·
779 1429 954 1468 respondet.

446 1484 534 1513 Testa
559 1493 694 1514 convexa
727 1485 867 1515 ambitum
900 1485 1099 1515 orbicularem
1133 1495 1227 1525 paene
1263 1486 1370 1524 resertg
1397 1487 1544 1516 umbones
1578 1486 1696 1523 tumidi,
1733 1486 1861 1515 medium
1897 1487 2061 1525 marginem
2092 1486 2243 1515 dorsalem

318 1543 511 1578 occupantes,
536 1540 679 1570 concham
705 1542 950 1580 aequilater-alem
975 1541 1122 1579 reddunt;
1147 1542 1230 1572 color
1255 1542 1382 1580 albidus,
1407 1543 1522 1581 postice
1547 1543 1711 1572 subi-uber:
1740 1542 1903 1581 epidermis
1924 1542 2022 1571 tenuis
2040 1541 2243 1580 subdiapbana

318 1596 485 1635 marginem
516 1596 647 1625 basalem
681 1605 787 1626 versus
825 1597 951 1636 paullum
983 1597 1148 1634 lanwllosa,
1187 1599 1217 1627 in
1250 1598 1341 1628 sulcis
1376 1599 1560 1628 radiantibus
1594 1598 1735 1627 undulata
1768 1602 1797 1627 et
1830 1602 1930 1627 crecta
1963 1607 2058 1637 paene
2092 1598 2241 1637 setigera.

316 1651 476 1680 interstitia
510 1651 589 1681 iuter
621 1652 722 1681 sulcos
756 1653 823 1682 illos
856 1653 1119 1692 plan(›-(·oiu,·ava;
1155 1654 1246 1683 striae
1277 1655 1488 1684 conceutricac
1525 1656 1579 1684 sub
1613 1655 1688 1683 vitro
1726 1654 1902 1684 tenuissime
1938 1654 2107 1684 undulatae.
2155 1653 2243 1682 Testa

317 1707 400 1736 striis
435 1707 585 1736 nonnullis
619 1708 795 1737 incrementi
828 1709 1020 1739 validioribus
1052 1710 1195 1739 instructa
1221 1714 1276 1739 est.
1324 1710 1441 1740 luterna
1467 1711 1560 1740 facies
1595 1710 1708 1745 albida,
1747 1711 1844 1740 medio
1879 1710 2046 1747 lutescens,
2079 1709 2244 1749 marginem

318 1764 518 1802 posteriorem
544 1773 650 1793 versus
675 1764 777 1794 colore
802 1770 1145 1804 roseo>pmpuraseente
1169 1766 1267 1796 tincta.

448 1819 529 1848 Inter
553 1821 650 1849 omnia
677 1821 793 1859 Cardia,
818 1831 894 1860 quae
920 1821 975 1851 buc
1001 1831 1096 1861 usque
1121 1822 1269 1861 descripta
1294 1826 1372 1860 sunt,
1399 1823 1536 1852 Gardium
1563 1823 1702 1852 mutieum
1729 1822 1836 1852 REEvni
1863 1822 1989 1851 (Concb.
2016 1823 2091 1851 icon.
2117 1830 2160 1860 sp.
2186 1820 2241 1857 32)

318 1879 421 1905 nostro
446 1879 504 1904 tam
529 1876 617 1905 at'line
643 1880 701 1913 est,
726 1881 755 1906 ut
781 1881 941 1907 cunctarer
965 1887 1019 1916 pro
1045 1887 1118 1907 nova
1143 1879 1245 1917 specie
1270 1878 1316 1908 bic
1341 1879 1517 1909 describere
1543 1879 1632 1917 idem,
1659 1880 1715 1909 nisi
1741 1881 1806 1918 ejus
1832 1880 1933 1909 valvae
1953 1883 2055 1908 essent
2074 1886 2243 1916 convexae,

316 1932 374 1961 imo
400 1931 530 1969 inflatae,
556 1932 716 1961 solidiores
742 1937 769 1962 et
796 1934 912 1972 postice
938 1934 1036 1972 paullo
1061 1934 1188 1964 hiantes.
1215 1944 1250 1964 ne
1284 1935 1378 1965 dicam
1404 1936 1440 1965 do
1467 1936 1558 1965 smnia
1585 1935 1670 1975 plane
1695 1935 1823 1965 diversa.

867 2048 949 2080 1:30.
1003 2047 1195 2081 CHAMAE
1224 2048 1468 2082 CUJUSDAM
1496 2049 1696 2083 SPECIES.

450 2129 515 2158 buo
541 2130 641 2159 valvae
675 2130 837 2160 interiores
871 2135 990 2161 exstant
1025 2132 1231 2161 sinistrorsum
1264 2136 1404 2162 curvatae
1438 2136 1494 2162 tam
1521 2132 1647 2162 detritae
1680 2136 1709 2161 ct
1734 2132 1950 2171 incompletae,
1987 2136 2015 2161 ut
2052 2132 2244 2161 determinari

320 2188 488 2223 nequeant;
514 2186 550 2215 ad
576 2185 684 2215 nullam
711 2195 783 2215 vero
808 2187 952 2226 speciem,
978 2197 1053 2226 quac
1079 2197 1157 2217 nunc
1181 2188 1351 2228 descriptae
1376 2192 1454 2227 sunt.
1480 2189 1632 2227 pertinere
1657 2188 1804 2217 videntur.

846 2300 929 2333 131.
981 2300 1154 2334 LUClNA
1183 2302 1350 2334 FlBULA
1378 2304 1497 2335 Amas
1524 2304 1556 2334 et
1586 2301 1712 2333 Russvn.

694 2373 755 2405 Voy.
777 2373 872 2398 Samar.
894 2383 950 2406 pag.
970 2375 1013 2405 80,
1035 2374 1095 2399 Tab.
1116 2375 1204 2405 XXIV,
1225 2376 1265 2407 lig.
1285 2377 1308 2401 5.
1330 2390 1361 2393 —
1382 2377 1467 2401 unam
1488 2375 1584 2401 Conch.
1606 2377 1670 2400 icon.
1692 2376 1748 2408 figg.
1769 2376 1811 2407 37,
1832 2375 1871 2400 38.

449 2434 534 2463 Plura
571 2434 752 2473 exemplaria
788 2436 918 2465 noudum
952 2435 1050 2466 adulta
1087 2440 1216 2466 exstant.
1265 2437 1388 2476 Species
1422 2437 1519 2476 quoad
1559 2436 1691 2466 colorem
1727 2439 1757 2465 et
1793 2436 1973 2475 sculpturam
2008 2437 2172 2475 variabilis.
2214 2438 2243 2467 in

319 2489 532 2519 remotissimis
557 2490 733 2529 regionibus
758 2493 898 2522 occurrit.
946 2492 1023 2521 Clar.
1048 2493 1156 2522 Crnnffi
1181 2502 1244 2522 eam
1276 2502 1314 2523 ex
1347 2493 1452 2522 insulis
1479 2493 1648 2532 l'bilippinis
1680 2496 1710 2522 et
1740 2502 1756 2521 e
1781 2492 1861 2522 Nora
1888 2492 2045 2522 Seelandia
2070 2494 2242 2532 reportavit,

318 2547 489 2584 (specimen
516 2546 612 2575 vivide
637 2556 778 2576 carneum
804 2551 925 2577 nostrae
951 2549 1044 2587 ipsius
1068 2549 1256 2578 collectionis
1282 2559 1298 2578 e
1323 2549 1402 2579 Nova
1433 2549 1593 2579 Caledonia
1625 2549 1827 2588 accepimus),
1862 2548 1936 2579 Clar.
1963 2549 2088 2578 Bnisuizu
2123 2559 2187 2579 eam
2214 2551 2242 2579 in

320 2602 393 2631 mari
419 2602 539 2631 Siuensi
565 2603 685 2632 invenit.

955 2675 1036 2708 132.
1090 2676 1259 2709 LUClNA
1290 2676 1493 2710 PismlUM
1522 2677 1608 2709 Dim.

978 2750 1040 2774 Vide
1061 2750 1120 2774 Tab.
1141 2755 1218 2774 nostr.
1240 2750 1281 2782 111,
1301 2751 1342 2781 lig.
1362 2752 1377 2775 9
1398 2759 1480 2781 magn.
1499 2756 1581 2776 aucta.

451 2809 539 2839 'l'esta
565 2811 682 2840 minima
708 2812 828 2850 oblique
852 2811 985 2849 cordata.
1013 2821 1108 2850 paene
1133 2811 1323 2849 orbicularis,
1350 2816 1491 2842 ventrosa
1515 2813 1600 2842 valde
1626 2813 1852 2851 inacquilatera,
1877 2813 1972 2842 antire
1998 2812 2151 2851 producta.
2176 2813 2240 2842 alba

320 2864 366 2893 vel
391 2865 498 2903 pallide
523 2866 699 2905 sulphurea.
733 2868 856 2897 costulis
891 2867 1075 2897 radiantibus
1101 2868 1285 2896 tenuissimis
1312 2869 1488 2898 dichotomis
1520 2870 1618 2899 antice
1643 2873 1673 2898 et
1697 2870 1812 2908 postice
1838 2869 2065 2908 divergentibus
2098 2869 2239 2908 striisque

320 2921 522 2950 conventi-icis
558 2922 910 2958 reticulaio-c‹›stulata;
951 2924 1096 2953 umbones
1130 2924 1206 2953 acuti
1240 2927 1407 2953 antrorsum
1441 2925 1587 2959 inclinati;
1628 2925 1725 2954 lunula
1768 2924 1913 2964 profunda
1954 2924 2089 2954 cordata:
2131 2924 2238 2954 dentes
