2363 3570
1239 329 1286 362 18

301 431 463 461 imbricatis
481 431 671 467 instructum,
696 437 752 468 qua
770 433 838 458 nota
856 438 871 459 a
888 429 1031 458 Vermeto
1048 430 1162 469 giganti
1179 429 1239 459 Biv.
1265 428 1388 459 diil'erre
1405 428 1533 468 videtur,
1559 438 1647 469 quem
1665 438 1817 469 nunquam
1836 429 2021 460 imbricatum
2045 430 2224 469 invenimus,

301 487 436 527 quamvis
462 486 567 516 mirum
592 486 621 514 in
652 485 770 514 modum
795 485 911 514 variare
934 484 1031 515 soleat
1059 489 1091 514 ut
1114 493 1219 515 omnes
1243 486 1310 524 eJus
1335 485 1459 524 generis
1483 485 1614 524 species.
1660 485 1762 515 Tubus
1793 485 1880 525 plane
1905 489 2006 523 teres,
2030 485 2109 515 intus
2134 486 2225 516 laevi-

303 547 390 583 gatus
415 546 445 572 et
469 540 612 572 coeruleo
636 541 759 570 lacteus.
806 541 877 571 Pars
901 544 998 571 testae
1023 542 1051 571 in
1076 541 1173 581 lapide
1200 541 1335 571 insidens
1359 541 1536 580 irregularis
1561 544 1591 570 et
1615 540 1791 580 subtrigona
1815 545 1864 571 est
1889 545 1921 571 ut
1944 542 2103 572 Vermetus
2127 542 2225 582 gigas,

303 599 393 629 maris
418 598 633 628 mediterranei
656 597 764 627 incola.

431 653 644 684 Annotandum
670 657 717 683 est
741 653 914 693 particulam
938 654 968 683 in
991 653 1088 684 tabula
1114 657 1215 683 nostra
1240 652 1444 693 magnitudine
1476 656 1562 683 aucta
1595 652 1774 682 delineatam
1807 652 1979 692 squamulas
2004 657 2124 683 erectas
2149 653 2225 684 haud

301 711 462 751 perspicue
489 709 663 740 ostendere.

873 781 933 814 81.
987 780 1241 813 VERMETUS
1268 779 1529 813 PLANORBIS
1566 780 1652 813 DKn.

1054 855 1118 879 Vide
1138 854 1200 879 Tab.
1219 860 1295 879 nostr.
1315 853 1348 884 11,
1367 854 1408 885 fig.
1430 855 1470 878 16.

432 917 521 947 Testa
546 916 683 954 solidula,
709 916 784 953 alba,
808 915 983 953 orbiculata,
1007 915 1138 945 carinata
1162 916 1419 954 transversimque
1444 915 1667 945 sublamellosa.
1693 918 1732 937 —'-
1757 915 1843 945 Latit.
1869 916 1917 945 vix
1941 915 1961 945 4
1986 916 2057 945 mill.

509 982 722 1010 Vermetus
747 979 957 1019 planorbis
981 979 1053 1009 Dim.
1078 980 1107 1009 in
1132 979 1277 1009 malakoz.
1301 979 1343 1009 Bl.
1372 978 1464 1017 1860,
1489 988 1555 1019 pag.
1580 978 1653 1009 240.

433 1045 591 1085 Specimen
616 1045 736 1075 unicum
772 1048 871 1074 exstat
905 1045 933 1074 in
959 1045 1101 1074 Vermeto
1125 1044 1280 1075 imbricato
1304 1044 1448 1074 insidens.
1495 1045 1584 1074 Testa
1618 1045 1685 1084 ejus
1721 1044 1842 1084 parvula
1878 1044 2038 1084 paullulum
2074 1045 2228 1082 immersa,

303 1103 397 1133 latere
423 1102 581 1141 superiore
605 1101 701 1141 plana,
727 1102 827 1131 carina
852 1101 960 1130 obtusa
985 1101 1086 1140 spirali
1110 1110 1166 1130 nec
1191 1109 1249 1131 non
1274 1101 1400 1131 lamellis
1425 1101 1608 1131 transversis
1632 1100 1778 1130 obsoletis
1802 1100 1946 1130 instructa
1971 1104 2027 1130 est.
2066 1099 2228 1131 Anfractus

303 1158 514 1197 embryonales
551 1158 689 1197 laevigati
727 1167 743 1185 c
778 1160 884 1186 centro
920 1160 1016 1186 testae
1052 1156 1264 1196 aliquantulum
1300 1157 1410 1194 erecti,
1450 1157 1549 1196 spirae
1586 1156 1743 1187 Paludinae
1780 1157 1935 1196 cujusdam
1975 1157 2117 1196 parvulae
2151 1156 2228 1186 haud

302 1214 465 1245 dissimiles
489 1217 559 1243 sunt
582 1214 675 1249 (conl.
700 1214 830 1250 icones).
878 1213 1026 1252 Apertura
1052 1212 1237 1242 subrotunda
1263 1222 1320 1242 non
1346 1213 1484 1242 uncinata
1509 1213 1556 1242 vel
1581 1213 1701 1242 dentata
1727 1216 1781 1242 est.

433 1270 459 1300 A
482 1271 625 1299 Vermeto
649 1269 830 1299 corrodente
865 1267 963 1298 n'Onn.
999 1268 1067 1303 (cfr.
1092 1268 1193 1298 Rmox
1227 1278 1262 1298 ne
1294 1279 1327 1299 LA
1362 1270 1455 1298 Smin
1489 1268 1569 1298 Cuba
1607 1268 1684 1298 Moll.
1709 1268 1767 1299 vol.
1792 1268 1812 1307 1,
1837 1277 1904 1309 pag.
1930 1267 2004 1307 235,
2031 1268 2102 1298 Tab.
2127 1268 2227 1304 xvnt,

302 1327 371 1367 figg.
409 1325 521 1363 1-3)‚
561 1326 611 1365 qui
655 1329 777 1356 auctore
822 1324 974 1354 u'Oanm‘
1015 1324 1132 1354 Trocho
1167 1325 1265 1354 tuberi
1307 1325 1431 1355 Linnaei
1465 1334 1587 1364 semper
1622 1324 1728 1354 affixus
1765 1328 1829 1362 est,
1865 1324 1939 1354 haec
1973 1328 2075 1354 nostra
2110 1325 2229 1364 species

302 1383 437 1422 inprimis
475 1382 576 1412 differt
615 1385 691 1412 testa
736 1381 868 1421 regulari
914 1385 944 1410 et
988 1384 1148 1421 aperturae
1193 1381 1389 1420 formatione,
1422 1390 1488 1410 nam
1524 1390 1627 1421 margo
1662 1384 1821 1420 aperturae
1857 1380 1885 1410 in
1921 1380 1966 1410 illa
2002 1380 2105 1420 specie
2130 1381 2231 1410 carina

303 1439 448 1479 producta
472 1438 612 1468 dentatus
636 1441 769 1478 apparet,
796 1438 844 1476 qui
869 1437 944 1467 dens
969 1437 998 1466 in
1023 1441 1125 1467 nostra
1149 1437 1252 1476 specie
1276 1437 1362 1477 plane
1386 1437 1587 1467 desideratur.

751 1551 811 1586 82.
864 1552 1148 1586 SIPHONARIA
1176 1550 1618 1585 COCHLEARtFORMts
1647 1551 1774 1584 Reme.

437 1639 584 1674 Quattuor
608 1637 789 1676 exemplaria
814 1639 943 1673 exstant,
983 1639 1012 1665 ut
1038 1635 1176 1665 ridentur
1203 1635 1342 1675 juniora,
1383 1635 1487 1672 forma,
1523 1633 1625 1664 colore
1660 1638 1689 1664 et
1722 1638 1872 1664 costarum
1908 1635 2007 1666 indole
2032 1637 2230 1677 congruentia

304 1704 370 1724 cum
395 1693 611 1734 speciminibus
637 1692 802 1730 nonnullis,
837 1701 914 1731 quac
949 1701 964 1720 a
997 1691 1068 1721 clar.
1102 1691 1135 1721 H.
1162 1691 1269 1721 Commo
1289 1692 1350 1731 jam
1375 1690 1485 1720 dudum
1521 1691 1576 1720 sul)
1601 1692 1721 1720 nomine
1748 1691 1942 1731 Siphonariae
1975 1692 2232 1723 cochlearisormis

304 1756 357 1784 (ex
381 1750 611 1790 Pliilippinarum
637 1748 758 1783 insulis)
782 1748 899 1786 accepi3
925 1747 979 1777 scd
1004 1747 1102 1786 doleo,
1129 1758 1174 1776 mc
1199 1747 1432 1787 descriptionem
1459 1747 1534 1777 liaud
1559 1756 1736 1786 comparare
1760 1749 1904 1787 potuisse.

938 1861 998 1895 83.
1051 1861 1226 1895 NERI'I'A
1257 1861 1515 1895 ALBICELLA
1543 1862 1583 1895 L.

502 1939 527 1964 S.
549 1939 579 1963 N.
600 1939 661 1964 edit.
681 1939 710 1969 X,
731 1947 754 1971 p.
775 1939 835 1967 778,
856 1946 880 1961 n.
899 1937 958 1961 640.
979 1950 1011 1953 —
1031 1936 1094 1961 Mus.
1114 1936 1175 1960 Lntl.
1195 1935 1246 1961 Ulr.
1269 1936 1331 1968 Reg.
1353 1944 1409 1968 pag.
1429 1936 1488 1960 679.
1513 1949 1538 1953 -
1561 1936 1645 1961 liam-1³
1666 1936 1762 1961 Concli.
1783 1938 1849 1962 icon.
1870 1945 1908 1970 sp.
1929 1938 1962 1962 64
1984 1942 2034 1962 etc.

429 2001 554 2030 Unicum
579 2000 734 2039 specimen
759 2002 857 2028 exstat
881 1998 948 2027 albo
973 1999 1121 2038 nigroque
1146 1997 1342 2037 variegatum,
1368 1997 1480 2027 vertice
1506 2006 1638 2036 erosum,
1663 1998 1741 2037 quod
1767 1999 1796 2028 in
1820 1998 1874 2028 liae
1892 1999 1995 2038 specie
2013 1998 2048 2028 ad
2066 1999 2232 2029 sectionem

306 2056 508 2088 Morcliianam
533 2055 715 2094 'flieliostyla
739 2055 907 2094 pertinens,
933 2054 1010 2084 liaud
1034 2063 1104 2084 raro
1129 2054 1271 2083 occurrit.

436 2112 691 2152 Frequentissima
717 2115 764 2140 est
788 2111 816 2140 in
840 2111 928 2140 litore
953 2110 1106 2148 Africano,
1132 2110 1161 2139 in
1187 2110 1416 2149 Philippinarum
1440 2109 1547 2138 insulis
1572 2109 1699 2149 aliisque
1724 2111 1911 2150 regionibus.

939 2224 1000 2258 84.
1051 2224 1228 2258 NERt'rA
1255 2221 1480 2257 JAPONICA
1518 2222 1605 2255 Dim.

1061 2299 1124 2323 vide
1145 2298 1205 2322 rab.
1226 2302 1303 2322 nostr.
1323 2297 1354 2329 11,
1375 2298 1416 2329 ng.
1436 2298 1476 2322 23.

440 2363 529 2392 Testa
554 2365 637 2391 ovata
662 2361 824 2398 tenuicula,
849 2361 930 2390 luteo
954 2365 1079 2399 atroque
1104 2360 1273 2399 variegata3
1299 2359 1378 2398 spira
1402 2359 1593 2396 subelevata;
1619 2369 1695 2399 apex
1715 2361 1775 2399 jam
1800 2361 1829 2390 in
1856 2361 1942 2400 pullis
1967 2371 2092 2400 erosns3
2121 2362 2235 2392 labrum

309 2419 407 2460 paullo
432 2419 629 2448 incrassatum
656 2420 895 2449 subconcavum:
921 2417 1078 2447 columella
1102 2416 1258 2456 laevigata.
1285 2433 1322 2437 —
1348 2415 1429 2445 Altil.
1453 2414 1473 2445 8
1498 2415 1566 2447 mill.
1590 2416 1676 2446 diam.
1701 2417 1826 2446 maxima
1857 2416 1976 2447 10—11
2005 2418 2073 2447 mill.

517 2482 662 2512 Nerita
686 2482 883 2521 Japonica
909 2482 980 2511 Dim.
1007 2482 1035 2511 in
1060 2480 1204 2510 malakoz.
1229 2480 1271 2510 Bl.
1301 2478 1391 2518 1860,
1417 2489 1485 2519 pag.
1510 2478 1582 2510 233.

441 2547 530 2577 Multa
555 2547 720 2587 specimina
746 2551 865 2577 exstant
889 2548 1003 2587 pictura
1029 2551 1057 2576 et
1081 2547 1182 2577 colore
1207 2547 1366 2583 variantia;
1393 2546 1420 2575 in
1447 2545 1540 2575 fundo
1565 2545 1643 2574 enim
1669 2544 1767 2574 albido
1792 2545 1838 2575 rel
1863 2545 1962 2584 luteo,
1989 2547 2103 2586 apicem
2128 2556 2236 2577 versus

310 2603 459 2635 interdum
484 2603 638 2641 aurantio,
663 2607 728 2632 atro
752 2603 909 2641 undulata,
935 2607 1062 2642 pennata
1088 2603 1134 2632 vel
1159 2606 1335 2633 marmorata
1361 2605 1438 2631 sunt.
1485 2601 1574 2631 Testa
1605 2601 1633 2630 in
1666 2601 1789 2640 picturis
1822 2605 1934 2632 tantum
1964 2603 2036 2632 atris
2067 2604 2114 2633 vel
2139 2603 2237 2643 paullo

311 2660 556 2700 nigrescentibus
581 2659 713 2688 tenuiter
737 2660 841 2689 striata
866 2660 1124 2699 transversimque
1148 2658 1311 2696 costulata,
1345 2658 1374 2687 in
1400 2657 1490 2687 fundo
1516 2660 1614 2686 autem
1639 2657 1720 2687 luteo
1745 2667 1836 2697 opaca
1868 2662 1896 2688 et
1921 2659 2101 2699 subaspera,
2137 2660 2176 2690 ita
2205 2663 2236 2689 ut

312 2717 424 2756 pictura
449 2715 524 2745 locis
549 2716 633 2754 quasi
658 2715 767 2753 erosis,
792 2715 842 2745 ubi
866 2715 950 2745 color
974 2719 1038 2745 ater
1062 2715 1167 2752 deest,
1194 2718 1258 2744 orta
1282 2723 1352 2743 csse
1377 2713 1504 2742 videtur.

443 2772 522 2801 llaec
545 2771 648 2801 Nerita
673 2771 792 2801 multam
827 2771 1000 2801 affinitatem
1033 2772 1157 2811 praebet
1189 2780 1255 2800 cum
1280 2770 1479 2800 Neritinarum
1504 2778 1639 2808 genere,
1673 2770 1850 2808 praesertim
1887 2779 1952 2800 cuin
1986 2780 2110 2810 prorsus
2135 2775 2238 2801 careat

312 2827 469 2857 columella
494 2827 624 2865 dentata,
650 2827 703 2856 sed
728 2827 904 2866 operculum
931 2828 1062 2857 tenuiter
1086 2836 1247 2867 granosum
1273 2835 1391 2856 omnem
1416 2828 1595 2855 structuram
1619 2825 1787 2855 Neritaruni
1812 2836 1883 2865 prae
1908 2836 1942 2856 se
1967 2826 2034 2857 fert.

399 2882 500 2912 Nerita
525 2882 620 2913 Yoldii
645 2883 727 2914 Bm.
752 2893 768 2913 a
793 2883 885 2913 dorso
910 2887 1040 2923 spectata
1065 2887 1187 2913 nostrae
1211 2882 1325 2922 speciei
1349 2881 1496 2911 simillima
1522 2885 1578 2911 est.
