<?xml version="1.0" encoding="UTF-8"?>
<!DOCTYPE html PUBLIC "-//W3C//DTD XHTML 1.0 Transitional//EN"
    "http://www.w3.org/TR/xhtml1/DTD/xhtml1-transitional.dtd">
<html xmlns="http://www.w3.org/1999/xhtml" xml:lang="en" lang="en">
 <head>
  <title>
</title>
<meta http-equiv="Content-Type" content="text/html;charset=utf-8" />
  <meta name='ocr-system' content='tesseract 3.04.00' />
  <meta name='ocr-capabilities' content='ocr_page ocr_carea ocr_par ocr_line ocrx_word'/>
</head>
<body>
  <div class='ocr_page' id='page_1' title='image "./molluscajaponica00dunk_0041.png"; bbox 0 0 2363 3570; ppageno 0'>
   <div class='ocr_carea' id='block_1_1' title="bbox 1066 330 1116 362">
    <p class='ocr_par' dir='ltr' id='par_1_1' title="bbox 1066 330 1116 362">
     <span class='ocr_line' id='line_1_1' title="bbox 1066 330 1116 362; baseline 0 -1"><span class='ocrx_word' id='word_1_1' title='bbox 1066 330 1116 362; x_wconf 77' lang='lat'>29</span> 
     </span>
    </p>
   </div>
   <div class='ocr_carea' id='block_1_2' title="bbox 128 440 2055 542">
    <p class='ocr_par' dir='ltr' id='par_1_2' title="bbox 128 440 2055 542">
     <span class='ocr_line' id='line_1_2' title="bbox 129 440 2055 486; baseline 0.004 -16"><span class='ocrx_word' id='word_1_2' title='bbox 129 440 299 471; x_wconf 86' lang='lat' dir='ltr'>cardinales</span> <span class='ocrx_word' id='word_1_3' title='bbox 324 441 435 481; x_wconf 89' lang='lat' dir='ltr'>magni,</span> <span class='ocrx_word' id='word_1_4' title='bbox 460 441 602 471; x_wconf 80' lang='lat' dir='ltr'>laterales</span> <span class='ocrx_word' id='word_1_5' title='bbox 626 442 759 480; x_wconf 80' lang='lat' dir='ltr'>parvuli3</span> <span class='ocrx_word' id='word_1_6' title='bbox 783 451 888 481; x_wconf 86' lang='lat' dir='ltr'>margo</span> <span class='ocrx_word' id='word_1_7' title='bbox 913 443 1090 473; x_wconf 81' lang='lat' dir='ltr'><strong>tenuissime</strong></span> <span class='ocrx_word' id='word_1_8' title='bbox 1114 447 1275 483; x_wconf 78' lang='lat' dir='ltr'>crenatus3</span> <span class='ocrx_word' id='word_1_9' title='bbox 1302 444 1388 475; x_wconf 81' lang='lat' dir='ltr'>fovea</span> <span class='ocrx_word' id='word_1_10' title='bbox 1412 445 1566 484; x_wconf 84' lang='lat' dir='ltr'>ligamenti</span> <span class='ocrx_word' id='word_1_11' title='bbox 1583 445 1697 484; x_wconf 89' lang='lat' dir='ltr'>parvuli</span> <span class='ocrx_word' id='word_1_12' title='bbox 1714 446 1834 485; x_wconf 90' lang='lat' dir='ltr'>obliqua</span> <span class='ocrx_word' id='word_1_13' title='bbox 1852 450 1881 476; x_wconf 81' lang='lat' dir='ltr'>et</span> <span class='ocrx_word' id='word_1_14' title='bbox 1898 447 2055 486; x_wconf 79' lang='lat' dir='ltr'>profunda.</span> 
     </span>
     <span class='ocr_line' id='line_1_3' title="bbox 128 497 1888 542; baseline 0.003 -16"><span class='ocrx_word' id='word_1_15' title='bbox 128 515 167 519; x_wconf 97' lang='lat'><strong>—</strong></span> <span class='ocrx_word' id='word_1_16' title='bbox 191 497 286 537; x_wconf 83' lang='lat' dir='ltr'>Long.</span> <span class='ocrx_word' id='word_1_17' title='bbox 312 501 408 527; x_wconf 88' lang='lat' dir='ltr'>testae</span> <span class='ocrx_word' id='word_1_18' title='bbox 432 497 450 527; x_wconf 80' lang='grc' dir='ltr'><em>ὃ</em></span> <span class='ocrx_word' id='word_1_19' title='bbox 476 497 545 527; x_wconf 86' lang='lat' dir='ltr'>mill.</span> <span class='ocrx_word' id='word_1_20' title='bbox 569 497 695 537; x_wconf 86' lang='lat' dir='ltr'>attingit.</span> <span class='ocrx_word' id='word_1_21' title='bbox 740 497 870 538; x_wconf 87' lang='lat' dir='ltr'>Longit.,</span> <span class='ocrx_word' id='word_1_22' title='bbox 896 499 968 529; x_wconf 90' lang='lat' dir='ltr'>altit.</span> <span class='ocrx_word' id='word_1_23' title='bbox 993 502 1023 528; x_wconf 88' lang='lat' dir='ltr'>et</span> <span class='ocrx_word' id='word_1_24' title='bbox 1046 508 1140 529; x_wconf 87' lang='lat' dir='ltr'>crass.</span> <span class='ocrx_word' id='word_1_25' title='bbox 1165 501 1241 530; x_wconf 85' lang='lat' dir='ltr'>ratio</span> <span class='ocrx_word' id='word_1_26' title='bbox 1266 501 1400 530; x_wconf 86' lang='lat' dir='ltr'>numeris</span> <span class='ocrx_word' id='word_1_27' title='bbox 1431 500 1499 539; x_wconf 83' lang='lat'>100,</span> <span class='ocrx_word' id='word_1_28' title='bbox 1525 500 1565 531; x_wconf 77' lang='lat'>95</span> <span class='ocrx_word' id='word_1_29' title='bbox 1592 505 1622 531; x_wconf 88' lang='lat' dir='ltr'>et</span> <span class='ocrx_word' id='word_1_30' title='bbox 1646 500 1687 532; x_wconf 83' lang='lat'>60</span> <span class='ocrx_word' id='word_1_31' title='bbox 1711 502 1888 542; x_wconf 76' lang='lat' dir='ltr'><strong>respondet.</strong></span> 
     </span>
    </p>
   </div>
   <div class='ocr_carea' id='block_1_3' title="bbox 334 562 1410 604">
    <p class='ocr_par' dir='ltr' id='par_1_3' title="bbox 334 562 1410 604">
     <span class='ocr_line' id='line_1_4' title="bbox 334 562 1410 604; baseline 0.002 -12"><span class='ocrx_word' id='word_1_32' title='bbox 334 562 489 592; x_wconf 89' lang='lat' dir='ltr'>Lucina</span> <span class='ocrx_word' id='word_1_33' title='bbox 514 562 712 592; x_wconf 83' lang='lat' dir='ltr'>Pisidium</span> <span class='ocrx_word' id='word_1_34' title='bbox 738 562 809 592; x_wconf 73' lang='lat' dir='ltr'>Dim.</span> <span class='ocrx_word' id='word_1_35' title='bbox 834 563 863 592; x_wconf 89' lang='lat' dir='ltr'>in</span> <span class='ocrx_word' id='word_1_36' title='bbox 889 562 1032 593; x_wconf 88' lang='lat' dir='ltr'>malakoz.</span> <span class='ocrx_word' id='word_1_37' title='bbox 1058 563 1100 594; x_wconf 92' lang='lat' dir='ltr'>Bl.</span> <span class='ocrx_word' id='word_1_38' title='bbox 1130 564 1221 603; x_wconf 81' lang='grc'>1860,</span> <span class='ocrx_word' id='word_1_39' title='bbox 1247 573 1313 604; x_wconf 88' lang='lat' dir='ltr'>pag.</span> <span class='ocrx_word' id='word_1_40' title='bbox 1339 564 1410 595; x_wconf 88' lang='lat'>227.</span> 
     </span>
    </p>
   </div>
   <div class='ocr_carea' id='block_1_4' title="bbox 127 626 2057 893">
    <p class='ocr_par' dir='ltr' id='par_1_4' title="bbox 127 626 2057 893">
     <span class='ocr_line' id='line_1_5' title="bbox 258 626 2057 673; baseline 0.004 -18"><span class='ocrx_word' id='word_1_41' title='bbox 258 626 314 656; x_wconf 90' lang='lat' dir='ltr'>Pro</span> <span class='ocrx_word' id='word_1_42' title='bbox 345 627 509 666; x_wconf 77' lang='lat' dir='ltr'>exiguitate</span> <span class='ocrx_word' id='word_1_43' title='bbox 543 630 639 657; x_wconf 87' lang='lat' dir='ltr'>testae</span> <span class='ocrx_word' id='word_1_44' title='bbox 670 626 806 657; x_wconf 85' lang='lat' dir='ltr'>valvulae</span> <span class='ocrx_word' id='word_1_45' title='bbox 837 636 961 658; x_wconf 79' lang='lat' dir='ltr'><strong>crassae</strong></span> <span class='ocrx_word' id='word_1_46' title='bbox 994 632 1071 658; x_wconf 88' lang='lat' dir='ltr'>sunt.</span> <span class='ocrx_word' id='word_1_47' title='bbox 1127 628 1200 658; x_wconf 93' lang='lat' dir='ltr'>Cum</span> <span class='ocrx_word' id='word_1_48' title='bbox 1234 628 1351 659; x_wconf 83' lang='lat' dir='ltr'>foveola</span> <span class='ocrx_word' id='word_1_49' title='bbox 1385 628 1421 658; x_wconf 85' lang='lat' dir='ltr'>ad</span> <span class='ocrx_word' id='word_1_50' title='bbox 1455 629 1650 669; x_wconf 81' lang='lat' dir='ltr'>ligamentum</span> <span class='ocrx_word' id='word_1_51' title='bbox 1687 631 1895 670; x_wconf 85' lang='lat' dir='ltr'>recipiendum</span> <span class='ocrx_word' id='word_1_52' title='bbox 1930 634 2057 673; x_wconf 84' lang='lat' dir='ltr'>margini</span> 
     </span>
     <span class='ocr_line' id='line_1_6' title="bbox 129 681 2056 727; baseline 0.004 -16"><span class='ocrx_word' id='word_1_53' title='bbox 129 681 272 712; x_wconf 85' lang='lat' dir='ltr'>cardinali</span> <span class='ocrx_word' id='word_1_54' title='bbox 303 682 380 712; x_wconf 85' lang='lat' dir='ltr'>haud</span> <span class='ocrx_word' id='word_1_55' title='bbox 413 683 551 722; x_wconf 85' lang='lat' dir='ltr'>parallela</span> <span class='ocrx_word' id='word_1_56' title='bbox 584 682 714 722; x_wconf 84' lang='lat' dir='ltr'>ideoque</span> <span class='ocrx_word' id='word_1_57' title='bbox 748 683 868 723; x_wconf 84' lang='lat' dir='ltr'>obliqua</span> <span class='ocrx_word' id='word_1_58' title='bbox 900 684 953 722; x_wconf 90' lang='lat' dir='ltr'>sit,</span> <span class='ocrx_word' id='word_1_59' title='bbox 987 684 1179 724; x_wconf 84' lang='lat' dir='ltr'>ligamentum</span> <span class='ocrx_word' id='word_1_60' title='bbox 1212 685 1346 724; x_wconf 89' lang='lat' dir='ltr'>conspici</span> <span class='ocrx_word' id='word_1_61' title='bbox 1378 693 1439 714; x_wconf 90' lang='lat' dir='ltr'>non</span> <span class='ocrx_word' id='word_1_62' title='bbox 1474 689 1574 724; x_wconf 87' lang='lat' dir='ltr'>potest</span> <span class='ocrx_word' id='word_1_63' title='bbox 1599 687 1624 716; x_wconf 91' lang='lat' dir='ltr'>si</span> <span class='ocrx_word' id='word_1_64' title='bbox 1649 686 1783 716; x_wconf 90' lang='lat' dir='ltr'>valvulae</span> <span class='ocrx_word' id='word_1_65' title='bbox 1808 688 2000 727; x_wconf 85' lang='lat' dir='ltr'>clauduntur,</span> <span class='ocrx_word' id='word_1_66' title='bbox 2028 689 2056 718; x_wconf 90' lang='lat' dir='ltr'>id</span> 
     </span>
     <span class='ocr_line' id='line_1_7' title="bbox 127 738 2054 783; baseline 0.003 -15"><span class='ocrx_word' id='word_1_67' title='bbox 127 738 206 778; x_wconf 88' lang='lat' dir='ltr'>quod</span> <span class='ocrx_word' id='word_1_68' title='bbox 239 739 269 768; x_wconf 93' lang='lat' dir='ltr'>in</span> <span class='ocrx_word' id='word_1_69' title='bbox 303 739 369 768; x_wconf 89' lang='lat' dir='ltr'>aliis</span> <span class='ocrx_word' id='word_1_70' title='bbox 403 748 524 779; x_wconf 90' lang='lat' dir='ltr'>quoque</span> <span class='ocrx_word' id='word_1_71' title='bbox 559 739 739 779; x_wconf 83' lang='lat' dir='ltr'>speciebus,</span> <span class='ocrx_word' id='word_1_72' title='bbox 775 740 952 779; x_wconf 88' lang='lat' dir='ltr'>praesertim</span> <span class='ocrx_word' id='word_1_73' title='bbox 989 740 1155 770; x_wconf 86' lang='lat' dir='ltr'>minoribus</span> <span class='ocrx_word' id='word_1_74' title='bbox 1190 741 1378 771; x_wconf 89' lang='lat' dir='ltr'>observatur.</span> <span class='ocrx_word' id='word_1_75' title='bbox 1412 759 1452 762; x_wconf 97' lang='lat'><strong>—</strong></span> <span class='ocrx_word' id='word_1_76' title='bbox 1485 741 1565 771; x_wconf 86' lang='lat' dir='ltr'>Haec</span> <span class='ocrx_word' id='word_1_77' title='bbox 1601 742 1780 773; x_wconf 88' lang='lat' dir='ltr'>Lucinarum</span> <span class='ocrx_word' id='word_1_78' title='bbox 1815 745 1934 783; x_wconf 88' lang='lat' dir='ltr'>species</span> <span class='ocrx_word' id='word_1_79' title='bbox 1970 749 2054 774; x_wconf 84' lang='lat' dir='ltr'>certe</span> 
     </span>
     <span class='ocr_line' id='line_1_8' title="bbox 128 794 2056 839; baseline 0.004 -16"><span class='ocrx_word' id='word_1_80' title='bbox 128 794 247 824; x_wconf 86' lang='lat' dir='ltr'>minima</span> <span class='ocrx_word' id='word_1_81' title='bbox 271 798 333 833; x_wconf 90' lang='lat' dir='ltr'>est,</span> <span class='ocrx_word' id='word_1_82' title='bbox 369 804 445 834; x_wconf 89' lang='lat' dir='ltr'>quae</span> <span class='ocrx_word' id='word_1_83' title='bbox 470 795 506 825; x_wconf 88' lang='lat' dir='ltr'>ad</span> <span class='ocrx_word' id='word_1_84' title='bbox 529 795 586 825; x_wconf 89' lang='lat' dir='ltr'>hoc</span> <span class='ocrx_word' id='word_1_85' title='bbox 610 804 706 835; x_wconf 88' lang='lat' dir='ltr'>usque</span> <span class='ocrx_word' id='word_1_86' title='bbox 730 799 846 835; x_wconf 87' lang='lat' dir='ltr'>tempus</span> <span class='ocrx_word' id='word_1_87' title='bbox 870 796 1007 826; x_wconf 85' lang='lat' dir='ltr'>innotuit.</span> <span class='ocrx_word' id='word_1_88' title='bbox 1054 797 1135 826; x_wconf 86' lang='lat' dir='ltr'>Haec</span> <span class='ocrx_word' id='word_1_89' title='bbox 1159 801 1189 828; x_wconf 89' lang='lat' dir='ltr'>et</span> <span class='ocrx_word' id='word_1_90' title='bbox 1213 806 1289 837; x_wconf 82' lang='lat' dir='ltr'>quae</span> <span class='ocrx_word' id='word_1_91' title='bbox 1313 798 1478 827; x_wconf 81' lang='lat' dir='ltr'>antecessit</span> <span class='ocrx_word' id='word_1_92' title='bbox 1502 798 1623 837; x_wconf 86' lang='lat' dir='ltr'>species</span> <span class='ocrx_word' id='word_1_93' title='bbox 1647 798 1682 828; x_wconf 89' lang='lat' dir='ltr'>ad</span> <span class='ocrx_word' id='word_1_94' title='bbox 1708 809 1805 839; x_wconf 88' lang='lat' dir='ltr'>genus</span> <span class='ocrx_word' id='word_1_95' title='bbox 1831 800 1981 839; x_wconf 84' lang='lat' dir='ltr'>Codakia,</span> <span class='ocrx_word' id='word_1_96' title='bbox 2008 802 2056 830; x_wconf 78' lang='lat' dir='ltr'>vel</span> 
     </span>
     <span class='ocr_line' id='line_1_9' title="bbox 127 850 1705 893; baseline 0.003 -13"><span class='ocrx_word' id='word_1_97' title='bbox 127 850 233 881; x_wconf 88' lang='lat' dir='ltr'>melius</span> <span class='ocrx_word' id='word_1_98' title='bbox 266 850 398 881; x_wconf 85' lang='lat' dir='ltr'>Codokia</span> <span class='ocrx_word' id='word_1_99' title='bbox 423 852 564 891; x_wconf 80' lang='lat' dir='ltr'>pertinet,</span> <span class='ocrx_word' id='word_1_100' title='bbox 588 851 618 880; x_wconf 91' lang='lat' dir='ltr'>in</span> <span class='ocrx_word' id='word_1_101' title='bbox 646 851 692 881; x_wconf 86' lang='lat' dir='ltr'>»le</span> <span class='ocrx_word' id='word_1_102' title='bbox 718 851 840 882; x_wconf 74' lang='lat' dir='ltr'>Cod&#39;ok«</span> <span class='ocrx_word' id='word_1_103' title='bbox 868 852 1036 883; x_wconf 88' lang='lat' dir='ltr'>Adansonii</span> <span class='ocrx_word' id='word_1_104' title='bbox 1056 854 1118 893; x_wconf 87' lang='lat' dir='ltr'>jam</span> <span class='ocrx_word' id='word_1_105' title='bbox 1143 863 1221 884; x_wconf 91' lang='lat' dir='ltr'>anno</span> <span class='ocrx_word' id='word_1_106' title='bbox 1250 853 1330 883; x_wconf 86' lang='lat'>1777</span> <span class='ocrx_word' id='word_1_107' title='bbox 1355 863 1371 883; x_wconf 94' lang='lat' dir='ltr'>a</span> <span class='ocrx_word' id='word_1_108' title='bbox 1396 853 1515 893; x_wconf 90' lang='lat' dir='ltr'>Scopoli</span> <span class='ocrx_word' id='word_1_109' title='bbox 1541 854 1705 886; x_wconf 88' lang='lat' dir='ltr'>fundatum.</span> 
     </span>
    </p>
   </div>
   <div class='ocr_carea' id='block_1_5' title="bbox 696 947 1482 1057">
    <p class='ocr_par' dir='ltr' id='par_1_5' title="bbox 696 947 1482 1057">
     <span class='ocr_line' id='line_1_10' title="bbox 696 947 1482 984; baseline 0.003 -3"><span class='ocrx_word' id='word_1_110' title='bbox 696 947 779 982; x_wconf 83' lang='lat'><strong>133.</strong></span> <span class='ocrx_word' id='word_1_111' title='bbox 833 948 1042 982; x_wconf 76' lang='lat' dir='ltr'>CARDt&#39;rA</span> <span class='ocrx_word' id='word_1_112' title='bbox 1070 949 1365 983; x_wconf 83' lang='lat' dir='ltr'>CUMlNGIANA</span> <span class='ocrx_word' id='word_1_113' title='bbox 1395 951 1482 984; x_wconf 75' lang='lat' dir='ltr'>Dim.</span> 
     </span>
     <span class='ocr_line' id='line_1_11' title="bbox 871 1022 1301 1057; baseline 0.005 -10"><span class='ocrx_word' id='word_1_114' title='bbox 871 1024 935 1048; x_wconf 64' lang='lat' dir='ltr'>viae</span> <span class='ocrx_word' id='word_1_115' title='bbox 955 1022 1017 1048; x_wconf 73' lang='lat' dir='ltr'>rab.</span> <span class='ocrx_word' id='word_1_116' title='bbox 1037 1028 1114 1049; x_wconf 69' lang='lat' dir='ltr'>nostr.</span> <span class='ocrx_word' id='word_1_117' title='bbox 1135 1023 1179 1056; x_wconf 83' lang='grc' dir='ltr'>ιιι,</span> <span class='ocrx_word' id='word_1_118' title='bbox 1199 1024 1240 1057; x_wconf 81' lang='lat' dir='ltr'>ng.</span> <span class='ocrx_word' id='word_1_119' title='bbox 1264 1025 1301 1049; x_wconf 73' lang='lat'>18.</span> 
     </span>
    </p>
   </div>
   <div class='ocr_carea' id='block_1_6' title="bbox 125 1084 2058 1304">
    <p class='ocr_par' dir='ltr' id='par_1_6' title="bbox 125 1084 2058 1237">
     <span class='ocr_line' id='line_1_12' title="bbox 259 1084 2058 1130; baseline 0.003 -16"><span class='ocrx_word' id='word_1_120' title='bbox 259 1085 347 1114; x_wconf 85' lang='lat' dir='ltr'>Testa</span> <span class='ocrx_word' id='word_1_121' title='bbox 372 1084 518 1124; x_wconf 86' lang='lat' dir='ltr'>oblonga,</span> <span class='ocrx_word' id='word_1_122' title='bbox 554 1084 637 1122; x_wconf 90' lang='lat' dir='ltr'>alba,</span> <span class='ocrx_word' id='word_1_123' title='bbox 672 1084 756 1113; x_wconf 79' lang='lat' dir='ltr'>fusco</span> <span class='ocrx_word' id='word_1_124' title='bbox 780 1084 873 1122; x_wconf 78' lang='lat' dir='ltr'>picta3</span> <span class='ocrx_word' id='word_1_125' title='bbox 913 1084 988 1113; x_wconf 86' lang='lat' dir='ltr'>latus</span> <span class='ocrx_word' id='word_1_126' title='bbox 1014 1085 1144 1114; x_wconf 88' lang='lat' dir='ltr'>anticum</span> <span class='ocrx_word' id='word_1_127' title='bbox 1170 1086 1404 1125; x_wconf 88' lang='lat' dir='ltr'>brevissimum,</span> <span class='ocrx_word' id='word_1_128' title='bbox 1441 1088 1524 1117; x_wconf 86' lang='lat' dir='ltr'>basin</span> <span class='ocrx_word' id='word_1_129' title='bbox 1550 1098 1658 1119; x_wconf 83' lang='lat' dir='ltr'>versus</span> <span class='ocrx_word' id='word_1_130' title='bbox 1684 1093 1885 1128; x_wconf 87' lang='lat' dir='ltr'>attenuatum,</span> <span class='ocrx_word' id='word_1_131' title='bbox 1911 1091 2058 1130; x_wconf 81' lang='lat' dir='ltr'>posticum</span> 
     </span>
     <span class='ocr_line' id='line_1_13' title="bbox 125 1140 2057 1186; baseline 0.004 -16"><span class='ocrx_word' id='word_1_132' title='bbox 125 1140 317 1180; x_wconf 59' lang='lat' dir='ltr'>productum}</span> <span class='ocrx_word' id='word_1_133' title='bbox 344 1141 425 1170; x_wconf 91' lang='lat' dir='ltr'>basis</span> <span class='ocrx_word' id='word_1_134' title='bbox 450 1141 606 1178; x_wconf 80' lang='lat' dir='ltr'>subrecta3</span> <span class='ocrx_word' id='word_1_135' title='bbox 631 1143 733 1170; x_wconf 85' lang='lat' dir='ltr'>costae</span> <span class='ocrx_word' id='word_1_136' title='bbox 758 1140 874 1170; x_wconf 87' lang='lat' dir='ltr'>anticae</span> <span class='ocrx_word' id='word_1_137' title='bbox 900 1140 1032 1170; x_wconf 88' lang='lat' dir='ltr'>minores</span> <span class='ocrx_word' id='word_1_138' title='bbox 1057 1141 1305 1181; x_wconf 79' lang='lat' dir='ltr'>subsquamatae,</span> <span class='ocrx_word' id='word_1_139' title='bbox 1331 1143 1465 1182; x_wconf 79' lang='lat' dir='ltr'>posticae</span> <span class='ocrx_word' id='word_1_140' title='bbox 1490 1144 1697 1175; x_wconf 87' lang='lat' dir='ltr'>subnodosae.</span> <span class='ocrx_word' id='word_1_141' title='bbox 1727 1163 1758 1166; x_wconf 83' lang='lat'>—-</span> <span class='ocrx_word' id='word_1_142' title='bbox 1787 1146 1882 1186; x_wconf 90' lang='lat' dir='ltr'>Long.</span> <span class='ocrx_word' id='word_1_143' title='bbox 1912 1145 1948 1176; x_wconf 71' lang='lat'>14</span> <span class='ocrx_word' id='word_1_144' title='bbox 1974 1147 2057 1185; x_wconf 82' lang='lat' dir='ltr'>mill,</span> 
     </span>
     <span class='ocr_line' id='line_1_14' title="bbox 126 1195 731 1237; baseline -0.003 -10"><span class='ocrx_word' id='word_1_145' title='bbox 126 1197 221 1237; x_wconf 89' lang='lat' dir='ltr'>Long.</span> <span class='ocrx_word' id='word_1_146' title='bbox 247 1196 296 1227; x_wconf 83' lang='lat' dir='ltr'>alt.</span> <span class='ocrx_word' id='word_1_147' title='bbox 321 1205 414 1227; x_wconf 83' lang='lat' dir='ltr'>crass.</span> <span class='ocrx_word' id='word_1_148' title='bbox 439 1210 479 1222; x_wconf 89' lang='lat'>=</span> <span class='ocrx_word' id='word_1_149' title='bbox 507 1196 578 1233; x_wconf 84' lang='lat'>100,</span> <span class='ocrx_word' id='word_1_150' title='bbox 604 1195 656 1234; x_wconf 67' lang='lat'>54,</span> <span class='ocrx_word' id='word_1_151' title='bbox 682 1195 731 1226; x_wconf 80' lang='lat'>58.</span> 
     </span>
    </p>

    <p class='ocr_par' dir='ltr' id='par_1_7' title="bbox 334 1261 1520 1304">
     <span class='ocr_line' id='line_1_15' title="bbox 334 1261 1520 1304; baseline 0.002 -12"><span class='ocrx_word' id='word_1_152' title='bbox 334 1262 500 1292; x_wconf 87' lang='lat' dir='ltr'>Cardita</span> <span class='ocrx_word' id='word_1_153' title='bbox 525 1261 782 1301; x_wconf 84' lang='lat' dir='ltr'>Cumingiana</span> <span class='ocrx_word' id='word_1_154' title='bbox 815 1261 886 1292; x_wconf 70' lang='lat' dir='ltr'>Dim.</span> <span class='ocrx_word' id='word_1_155' title='bbox 911 1262 940 1291; x_wconf 93' lang='lat' dir='ltr'>in</span> <span class='ocrx_word' id='word_1_156' title='bbox 965 1261 1109 1293; x_wconf 82' lang='lat' dir='ltr'>malakoz.</span> <span class='ocrx_word' id='word_1_157' title='bbox 1133 1261 1175 1292; x_wconf 84' lang='lat' dir='ltr'>Bl.</span> <span class='ocrx_word' id='word_1_158' title='bbox 1201 1263 1258 1293; x_wconf 90' lang='lat' dir='ltr'>vol.</span> <span class='ocrx_word' id='word_1_159' title='bbox 1284 1263 1330 1302; x_wconf 76' lang='lat' dir='ltr'>Vl,</span> <span class='ocrx_word' id='word_1_160' title='bbox 1356 1274 1422 1304; x_wconf 85' lang='lat' dir='ltr'>pag.</span> <span class='ocrx_word' id='word_1_161' title='bbox 1448 1264 1520 1295; x_wconf 84' lang='lat'>223.</span> 
     </span>
    </p>
   </div>
   <div class='ocr_carea' id='block_1_7' title="bbox 126 1326 2058 1593">
    <p class='ocr_par' dir='ltr' id='par_1_8' title="bbox 130 1326 2058 1423">
     <span class='ocr_line' id='line_1_16' title="bbox 259 1326 2058 1371; baseline 0.003 -15"><span class='ocrx_word' id='word_1_162' title='bbox 259 1327 417 1357; x_wconf 89' lang='lat' dir='ltr'>Costarum</span> <span class='ocrx_word' id='word_1_163' title='bbox 443 1326 651 1367; x_wconf 85' lang='lat' dir='ltr'>septendecim</span> <span class='ocrx_word' id='word_1_164' title='bbox 678 1327 808 1366; x_wconf 87' lang='lat' dir='ltr'>majores</span> <span class='ocrx_word' id='word_1_165' title='bbox 832 1327 1039 1365; x_wconf 79' lang='lat' dir='ltr'>prominentes</span> <span class='ocrx_word' id='word_1_166' title='bbox 1069 1328 1202 1367; x_wconf 85' lang='lat' dir='ltr'>squamis</span> <span class='ocrx_word' id='word_1_167' title='bbox 1232 1329 1361 1369; x_wconf 87' lang='lat' dir='ltr'>singulis</span> <span class='ocrx_word' id='word_1_168' title='bbox 1394 1330 1506 1359; x_wconf 87' lang='lat' dir='ltr'>erectis</span> <span class='ocrx_word' id='word_1_169' title='bbox 1539 1329 1733 1360; x_wconf 88' lang='lat' dir='ltr'>subnodosae</span> <span class='ocrx_word' id='word_1_170' title='bbox 1766 1335 1924 1371; x_wconf 76' lang='lat' dir='ltr'>apparent,</span> <span class='ocrx_word' id='word_1_171' title='bbox 1958 1332 2058 1362; x_wconf 89' lang='lat' dir='ltr'>inter—</span> 
     </span>
     <span class='ocr_line' id='line_1_17' title="bbox 130 1383 797 1423; baseline -0.001 -10"><span class='ocrx_word' id='word_1_172' title='bbox 130 1383 209 1414; x_wconf 89' lang='lat' dir='ltr'>stitia</span> <span class='ocrx_word' id='word_1_173' title='bbox 234 1383 365 1413; x_wconf 90' lang='lat' dir='ltr'>omnium</span> <span class='ocrx_word' id='word_1_174' title='bbox 390 1387 542 1413; x_wconf 88' lang='lat' dir='ltr'>costarum</span> <span class='ocrx_word' id='word_1_175' title='bbox 567 1386 694 1423; x_wconf 85' lang='lat' dir='ltr'>angusta</span> <span class='ocrx_word' id='word_1_176' title='bbox 719 1386 797 1412; x_wconf 91' lang='lat' dir='ltr'>sunt.</span> 
     </span>
    </p>

    <p class='ocr_par' dir='ltr' id='par_1_9' title="bbox 126 1438 2058 1593">
     <span class='ocr_line' id='line_1_18' title="bbox 256 1438 2057 1483; baseline 0.003 -14"><span class='ocrx_word' id='word_1_177' title='bbox 256 1440 345 1469; x_wconf 91' lang='lat' dir='ltr'>Testa</span> <span class='ocrx_word' id='word_1_178' title='bbox 370 1443 472 1470; x_wconf 88' lang='lat' dir='ltr'>nostra</span> <span class='ocrx_word' id='word_1_179' title='bbox 497 1449 512 1469; x_wconf 89' lang='lat' dir='ltr'>a</span> <span class='ocrx_word' id='word_1_180' title='bbox 537 1439 656 1469; x_wconf 88' lang='lat' dir='ltr'>Cardita</span> <span class='ocrx_word' id='word_1_181' title='bbox 681 1439 881 1479; x_wconf 81' lang='lat' dir='ltr'>Senegalensi</span> <span class='ocrx_word' id='word_1_182' title='bbox 905 1438 1003 1468; x_wconf 72' lang='lat' dir='ltr'>REEVE</span> <span class='ocrx_word' id='word_1_183' title='bbox 1027 1448 1071 1479; x_wconf 87' lang='lat' dir='ltr'>sp.</span> <span class='ocrx_word' id='word_1_184' title='bbox 1101 1439 1137 1471; x_wconf 90' lang='lat'>16</span> <span class='ocrx_word' id='word_1_185' title='bbox 1162 1441 1342 1480; x_wconf 85' lang='lat' dir='ltr'>praesertim</span> <span class='ocrx_word' id='word_1_186' title='bbox 1366 1441 1536 1471; x_wconf 82' lang='lat' dir='ltr'>interstitiis</span> <span class='ocrx_word' id='word_1_187' title='bbox 1561 1446 1713 1473; x_wconf 84' lang='lat' dir='ltr'>costarum</span> <span class='ocrx_word' id='word_1_188' title='bbox 1731 1444 1867 1483; x_wconf 87' lang='lat' dir='ltr'>angustis</span> <span class='ocrx_word' id='word_1_189' title='bbox 1885 1443 1993 1474; x_wconf 81' lang='lat' dir='ltr'>differt.</span> <span class='ocrx_word' id='word_1_190' title='bbox 2021 1462 2057 1465; x_wconf 92' lang='lat'><strong>—</strong></span> 
     </span>
     <span class='ocr_line' id='line_1_19' title="bbox 127 1495 2058 1540; baseline 0.002 -14"><span class='ocrx_word' id='word_1_191' title='bbox 127 1496 204 1527; x_wconf 88' lang='lat' dir='ltr'>Clar.</span> <span class='ocrx_word' id='word_1_192' title='bbox 228 1496 328 1526; x_wconf 77' lang='lat' dir='ltr'>REEve</span> <span class='ocrx_word' id='word_1_193' title='bbox 352 1496 428 1526; x_wconf 87' lang='lat' dir='ltr'>hanc</span> <span class='ocrx_word' id='word_1_194' title='bbox 462 1496 594 1535; x_wconf 88' lang='lat' dir='ltr'>speciem</span> <span class='ocrx_word' id='word_1_195' title='bbox 629 1504 697 1525; x_wconf 88' lang='lat' dir='ltr'>cum</span> <span class='ocrx_word' id='word_1_196' title='bbox 729 1495 842 1526; x_wconf 86' lang='lat' dir='ltr'>concha</span> <span class='ocrx_word' id='word_1_197' title='bbox 878 1495 1034 1526; x_wconf 85' lang='lat' dir='ltr'>Adansoni</span> <span class='ocrx_word' id='word_1_198' title='bbox 1069 1497 1097 1527; x_wconf 87' lang='lat' dir='ltr'>le</span> <span class='ocrx_word' id='word_1_199' title='bbox 1121 1496 1215 1527; x_wconf 73' lang='lat' dir='ltr'>Jeson</span> <span class='ocrx_word' id='word_1_200' title='bbox 1249 1497 1326 1528; x_wconf 88' lang='lat' dir='ltr'>dicta</span> <span class='ocrx_word' id='word_1_201' title='bbox 1363 1499 1605 1538; x_wconf 88' lang='lat' dir='ltr'>conjungendam</span> <span class='ocrx_word' id='word_1_202' title='bbox 1642 1509 1714 1530; x_wconf 85' lang='lat' dir='ltr'>esse</span> <span class='ocrx_word' id='word_1_203' title='bbox 1747 1504 1844 1539; x_wconf 83' lang='lat' dir='ltr'>putat,</span> <span class='ocrx_word' id='word_1_204' title='bbox 1879 1509 1965 1539; x_wconf 85' lang='lat' dir='ltr'>quam</span> <span class='ocrx_word' id='word_1_205' title='bbox 1999 1510 2058 1540; x_wconf 86' lang='lat' dir='ltr'>ego</span> 
     </span>
     <span class='ocr_line' id='line_1_20' title="bbox 126 1551 839 1593; baseline -0.001 -11"><span class='ocrx_word' id='word_1_206' title='bbox 126 1552 246 1593; x_wconf 87' lang='lat' dir='ltr'>quidem</span> <span class='ocrx_word' id='word_1_207' title='bbox 270 1562 326 1592; x_wconf 91' lang='lat' dir='ltr'>pro</span> <span class='ocrx_word' id='word_1_208' title='bbox 351 1553 453 1592; x_wconf 86' lang='lat' dir='ltr'>specie</span> <span class='ocrx_word' id='word_1_209' title='bbox 478 1552 563 1582; x_wconf 82' lang='lat' dir='ltr'>valde</span> <span class='ocrx_word' id='word_1_210' title='bbox 589 1552 709 1582; x_wconf 89' lang='lat' dir='ltr'>diversa</span> <span class='ocrx_word' id='word_1_211' title='bbox 733 1551 839 1582; x_wconf 82' lang='lat' dir='ltr'>liabeo.</span> 
     </span>
    </p>
   </div>
   <div class='ocr_carea' id='block_1_8' title="bbox 768 1649 1413 1758">
    <p class='ocr_par' dir='ltr' id='par_1_10' title="bbox 768 1649 1413 1758">
     <span class='ocr_line' id='line_1_21' title="bbox 768 1649 1413 1685; baseline 0.006 -4"><span class='ocrx_word' id='word_1_212' title='bbox 768 1649 852 1682; x_wconf 66' lang='lat'>134.</span> <span class='ocrx_word' id='word_1_213' title='bbox 905 1649 1111 1684; x_wconf 67' lang='lat' dir='ltr'><strong>CARDPPA</strong></span> <span class='ocrx_word' id='word_1_214' title='bbox 1141 1651 1295 1685; x_wconf 83' lang='lat' dir='ltr'><strong>LEANA</strong></span> <span class='ocrx_word' id='word_1_215' title='bbox 1326 1652 1413 1685; x_wconf 76' lang='lat' dir='ltr'>Dim.</span> 
     </span>
     <span class='ocr_line' id='line_1_22' title="bbox 875 1725 1307 1758; baseline 0 -8"><span class='ocrx_word' id='word_1_216' title='bbox 875 1726 939 1750; x_wconf 69' lang='lat' dir='ltr'>vide</span> <span class='ocrx_word' id='word_1_217' title='bbox 959 1725 1019 1750; x_wconf 70' lang='lat' dir='ltr'>rab.</span> <span class='ocrx_word' id='word_1_218' title='bbox 1040 1730 1118 1751; x_wconf 73' lang='lat' dir='ltr'>nostr.</span> <span class='ocrx_word' id='word_1_219' title='bbox 1139 1725 1183 1758; x_wconf 85' lang='lat'>111,</span> <span class='ocrx_word' id='word_1_220' title='bbox 1204 1726 1243 1758; x_wconf 67' lang='lat' dir='ltr'>fig.</span> <span class='ocrx_word' id='word_1_221' title='bbox 1271 1727 1307 1751; x_wconf 86' lang='lat'>17.</span> 
     </span>
    </p>
   </div>
   <div class='ocr_carea' id='block_1_9' title="bbox 128 1788 2057 1886">
    <p class='ocr_par' dir='ltr' id='par_1_11' title="bbox 128 1788 2057 1886">
     <span class='ocr_line' id='line_1_23' title="bbox 256 1788 2057 1831; baseline 0.001 -12"><span class='ocrx_word' id='word_1_222' title='bbox 256 1788 345 1818; x_wconf 87' lang='lat' dir='ltr'>Testa</span> <span class='ocrx_word' id='word_1_223' title='bbox 382 1789 645 1829; x_wconf 64' lang='lat' dir='ltr'>ovato-oblonga,</span> <span class='ocrx_word' id='word_1_224' title='bbox 685 1789 770 1826; x_wconf 87' lang='lat' dir='ltr'>alba,</span> <span class='ocrx_word' id='word_1_225' title='bbox 811 1788 896 1818; x_wconf 84' lang='lat' dir='ltr'>fusco</span> <span class='ocrx_word' id='word_1_226' title='bbox 927 1789 1096 1828; x_wconf 69' lang='lat' dir='ltr'>variegata,</span> <span class='ocrx_word' id='word_1_227' title='bbox 1130 1788 1223 1818; x_wconf 80' lang='lat' dir='ltr'>costis</span> <span class='ocrx_word' id='word_1_228' title='bbox 1258 1788 1428 1827; x_wconf 85' lang='lat' dir='ltr'>quindecim</span> <span class='ocrx_word' id='word_1_229' title='bbox 1464 1789 1701 1827; x_wconf 84' lang='lat' dir='ltr'>subimbricatis,</span> <span class='ocrx_word' id='word_1_230' title='bbox 1735 1790 1858 1829; x_wconf 89' lang='lat' dir='ltr'>posticis</span> <span class='ocrx_word' id='word_1_231' title='bbox 1884 1791 2057 1831; x_wconf 86' lang='lat' dir='ltr'>maj0ribus,</span> 
     </span>
     <span class='ocr_line' id='line_1_24' title="bbox 128 1845 639 1886; baseline 0 -11"><span class='ocrx_word' id='word_1_232' title='bbox 128 1846 292 1882; x_wconf 57' lang='lat' dir='ltr'>instructag</span> <span class='ocrx_word' id='word_1_233' title='bbox 317 1845 475 1875; x_wconf 88' lang='lat' dir='ltr'>interstitia</span> <span class='ocrx_word' id='word_1_234' title='bbox 502 1850 639 1886; x_wconf 81' lang='lat' dir='ltr'>angusta.</span> 
     </span>
    </p>
   </div>
   <div class='ocr_carea' id='block_1_10' title="bbox 335 1908 1398 1949">
    <p class='ocr_par' dir='ltr' id='par_1_12' title="bbox 335 1908 1398 1949">
     <span class='ocr_line' id='line_1_25' title="bbox 335 1908 1398 1949; baseline -0.002 -9"><span class='ocrx_word' id='word_1_235' title='bbox 335 1910 356 1940; x_wconf 88' lang='lat' dir='ltr'>C</span> <span class='ocrx_word' id='word_1_236' title='bbox 368 1919 382 1940; x_wconf 85' lang='lat' dir='ltr'>a</span> <span class='ocrx_word' id='word_1_237' title='bbox 393 1911 455 1940; x_wconf 89' lang='lat' dir='ltr'>rdi</span> <span class='ocrx_word' id='word_1_238' title='bbox 471 1914 506 1940; x_wconf 90' lang='lat' dir='ltr'>ta</span> <span class='ocrx_word' id='word_1_239' title='bbox 531 1910 665 1940; x_wconf 78' lang='lat' dir='ltr'>Leana</span> <span class='ocrx_word' id='word_1_240' title='bbox 691 1910 762 1939; x_wconf 71' lang='lat' dir='ltr'>Dim.</span> <span class='ocrx_word' id='word_1_241' title='bbox 787 1910 816 1939; x_wconf 86' lang='lat' dir='ltr'>in</span> <span class='ocrx_word' id='word_1_242' title='bbox 842 1908 988 1939; x_wconf 87' lang='lat' dir='ltr'>malakoz.</span> <span class='ocrx_word' id='word_1_243' title='bbox 1013 1909 1055 1938; x_wconf 92' lang='lat' dir='ltr'>Bl.</span> <span class='ocrx_word' id='word_1_244' title='bbox 1080 1909 1137 1939; x_wconf 91' lang='lat' dir='ltr'>vol.</span> <span class='ocrx_word' id='word_1_245' title='bbox 1163 1908 1209 1947; x_wconf 77' lang='lat' dir='ltr'>vt,</span> <span class='ocrx_word' id='word_1_246' title='bbox 1234 1918 1301 1949; x_wconf 84' lang='lat' dir='ltr'>pag.</span> <span class='ocrx_word' id='word_1_247' title='bbox 1326 1908 1398 1939; x_wconf 85' lang='lat'>223.</span> 
     </span>
    </p>
   </div>
   <div class='ocr_carea' id='block_1_11' title="bbox 124 1974 2059 2408">
    <p class='ocr_par' dir='ltr' id='par_1_13' title="bbox 258 1974 1482 2015">
     <span class='ocr_line' id='line_1_26' title="bbox 258 1974 1482 2015; baseline 0 -11"><span class='ocrx_word' id='word_1_248' title='bbox 258 1975 418 2014; x_wconf 82' lang='lat' dir='ltr'>Exemplar</span> <span class='ocrx_word' id='word_1_249' title='bbox 442 1979 539 2004; x_wconf 78' lang='lat' dir='ltr'>exstat</span> <span class='ocrx_word' id='word_1_250' title='bbox 559 1975 694 2015; x_wconf 81' lang='lat' dir='ltr'>juvenile</span> <span class='ocrx_word' id='word_1_251' title='bbox 719 1974 946 2014; x_wconf 86' lang='lat' dir='ltr'>integerrimum</span> <span class='ocrx_word' id='word_1_252' title='bbox 973 1983 1028 2003; x_wconf 89' lang='lat' dir='ltr'>nec</span> <span class='ocrx_word' id='word_1_253' title='bbox 1052 1983 1111 2004; x_wconf 92' lang='lat' dir='ltr'>non</span> <span class='ocrx_word' id='word_1_254' title='bbox 1137 1974 1219 2004; x_wconf 84' lang='lat' dir='ltr'>valva</span> <span class='ocrx_word' id='word_1_255' title='bbox 1244 1974 1350 2004; x_wconf 85' lang='lat' dir='ltr'>dextra</span> <span class='ocrx_word' id='word_1_256' title='bbox 1374 1974 1482 2004; x_wconf 81' lang='lat' dir='ltr'>adulta.</span> 
     </span>
    </p>

    <p class='ocr_par' dir='ltr' id='par_1_14' title="bbox 124 2029 2059 2350">
     <span class='ocr_line' id='line_1_27' title="bbox 256 2029 2056 2071; baseline 0.001 -11"><span class='ocrx_word' id='word_1_257' title='bbox 256 2031 345 2061; x_wconf 87' lang='lat' dir='ltr'>Testa</span> <span class='ocrx_word' id='word_1_258' title='bbox 374 2029 411 2060; x_wconf 77' lang='lat'>16</span> <span class='ocrx_word' id='word_1_259' title='bbox 437 2031 505 2062; x_wconf 78' lang='lat' dir='ltr'>mill.</span> <span class='ocrx_word' id='word_1_260' title='bbox 529 2031 629 2071; x_wconf 80' lang='lat' dir='ltr'>longa,</span> <span class='ocrx_word' id='word_1_261' title='bbox 659 2030 697 2061; x_wconf 84' lang='lat'>10</span> <span class='ocrx_word' id='word_1_262' title='bbox 720 2030 776 2061; x_wconf 84' lang='lat' dir='ltr'>alta</span> <span class='ocrx_word' id='word_1_263' title='bbox 801 2030 986 2069; x_wconf 78' lang='lat' dir='ltr'>totidemque</span> <span class='ocrx_word' id='word_1_264' title='bbox 1011 2039 1115 2060; x_wconf 86' lang='lat' dir='ltr'>crassa</span> <span class='ocrx_word' id='word_1_265' title='bbox 1140 2034 1196 2060; x_wconf 90' lang='lat' dir='ltr'>est.</span> <span class='ocrx_word' id='word_1_266' title='bbox 1227 2030 1317 2060; x_wconf 87' lang='lat' dir='ltr'>Latus</span> <span class='ocrx_word' id='word_1_267' title='bbox 1342 2032 1477 2061; x_wconf 87' lang='lat' dir='ltr'>anterius</span> <span class='ocrx_word' id='word_1_268' title='bbox 1502 2032 1712 2062; x_wconf 87' lang='lat' dir='ltr'>brevissimum</span> <span class='ocrx_word' id='word_1_269' title='bbox 1737 2031 1857 2071; x_wconf 82' lang='lat' dir='ltr'>oblique</span> <span class='ocrx_word' id='word_1_270' title='bbox 1876 2036 2056 2071; x_wconf 79' lang='lat' dir='ltr'>truncatum,</span> 
     </span>
     <span class='ocr_line' id='line_1_28' title="bbox 127 2086 2057 2127; baseline 0.001 -10"><span class='ocrx_word' id='word_1_271' title='bbox 127 2087 208 2117; x_wconf 87' lang='lat' dir='ltr'>basis</span> <span class='ocrx_word' id='word_1_272' title='bbox 232 2095 330 2126; x_wconf 85' lang='lat' dir='ltr'>paene</span> <span class='ocrx_word' id='word_1_273' title='bbox 354 2091 447 2124; x_wconf 82' lang='lat' dir='ltr'>recta,</span> <span class='ocrx_word' id='word_1_274' title='bbox 475 2096 579 2127; x_wconf 87' lang='lat' dir='ltr'>margo</span> <span class='ocrx_word' id='word_1_275' title='bbox 604 2086 732 2117; x_wconf 84' lang='lat' dir='ltr'>dorsalis</span> <span class='ocrx_word' id='word_1_276' title='bbox 758 2086 930 2117; x_wconf 80' lang='lat' dir='ltr'>fornicatus.</span> <span class='ocrx_word' id='word_1_277' title='bbox 979 2086 1088 2116; x_wconf 88' lang='lat' dir='ltr'>Costae</span> <span class='ocrx_word' id='word_1_278' title='bbox 1115 2088 1245 2126; x_wconf 84' lang='lat' dir='ltr'>majores</span> <span class='ocrx_word' id='word_1_279' title='bbox 1270 2096 1392 2117; x_wconf 88' lang='lat' dir='ltr'>crassae</span> <span class='ocrx_word' id='word_1_280' title='bbox 1418 2088 1665 2126; x_wconf 74' lang='lat' dir='ltr'>subimbricatac,</span> <span class='ocrx_word' id='word_1_281' title='bbox 1697 2092 1800 2118; x_wconf 75' lang='lat' dir='ltr'>costae</span> <span class='ocrx_word' id='word_1_282' title='bbox 1826 2097 1899 2118; x_wconf 87' lang='lat' dir='ltr'>vero</span> <span class='ocrx_word' id='word_1_283' title='bbox 1925 2089 2057 2119; x_wconf 83' lang='lat' dir='ltr'>minores</span> 
     </span>
     <span class='ocr_line' id='line_1_29' title="bbox 124 2142 2059 2184; baseline 0.001 -11"><span class='ocrx_word' id='word_1_284' title='bbox 124 2152 179 2183; x_wconf 86' lang='lat' dir='ltr'>per</span> <span class='ocrx_word' id='word_1_285' title='bbox 216 2142 434 2182; x_wconf 83' lang='lat' dir='ltr'>longitudinem</span> <span class='ocrx_word' id='word_1_286' title='bbox 473 2143 610 2173; x_wconf 87' lang='lat' dir='ltr'>obsolete</span> <span class='ocrx_word' id='word_1_287' title='bbox 649 2143 772 2173; x_wconf 90' lang='lat' dir='ltr'>striatae</span> <span class='ocrx_word' id='word_1_288' title='bbox 811 2146 895 2180; x_wconf 86' lang='lat' dir='ltr'>sunt,</span> <span class='ocrx_word' id='word_1_289' title='bbox 945 2152 1022 2182; x_wconf 82' lang='lat' dir='ltr'>quae</span> <span class='ocrx_word' id='word_1_290' title='bbox 1060 2143 1152 2172; x_wconf 86' lang='lat' dir='ltr'>striae</span> <span class='ocrx_word' id='word_1_291' title='bbox 1185 2144 1239 2173; x_wconf 87' lang='lat' dir='ltr'>snb</span> <span class='ocrx_word' id='word_1_292' title='bbox 1279 2143 1355 2173; x_wconf 87' lang='lat' dir='ltr'>vitro</span> <span class='ocrx_word' id='word_1_293' title='bbox 1401 2147 1512 2174; x_wconf 91' lang='lat' dir='ltr'>tantum</span> <span class='ocrx_word' id='word_1_294' title='bbox 1561 2145 1717 2175; x_wconf 79' lang='lat' dir='ltr'>observari</span> <span class='ocrx_word' id='word_1_295' title='bbox 1757 2148 1892 2184; x_wconf 88' lang='lat' dir='ltr'>possunt.</span> <span class='ocrx_word' id='word_1_296' title='bbox 1948 2145 2059 2175; x_wconf 83' lang='lat' dir='ltr'>Valvae</span> 
     </span>
     <span class='ocr_line' id='line_1_30' title="bbox 127 2199 2058 2240; baseline 0.001 -11"><span class='ocrx_word' id='word_1_297' title='bbox 127 2203 206 2230; x_wconf 88' lang='lat' dir='ltr'>statu</span> <span class='ocrx_word' id='word_1_298' title='bbox 236 2199 357 2239; x_wconf 85' lang='lat' dir='ltr'>integro</span> <span class='ocrx_word' id='word_1_299' title='bbox 388 2199 574 2238; x_wconf 82' lang='lat' dir='ltr'>epidermide</span> <span class='ocrx_word' id='word_1_300' title='bbox 609 2199 741 2229; x_wconf 85' lang='lat' dir='ltr'>olivacea</span> <span class='ocrx_word' id='word_1_301' title='bbox 774 2199 921 2229; x_wconf 85' lang='lat' dir='ltr'>obductae</span> <span class='ocrx_word' id='word_1_302' title='bbox 945 2202 1024 2228; x_wconf 87' lang='lat' dir='ltr'>sunt.</span> <span class='ocrx_word' id='word_1_303' title='bbox 1072 2199 1151 2229; x_wconf 81' lang='lat' dir='ltr'>Haec</span> <span class='ocrx_word' id='word_1_304' title='bbox 1184 2199 1296 2229; x_wconf 86' lang='lat' dir='ltr'>concha</span> <span class='ocrx_word' id='word_1_305' title='bbox 1337 2199 1475 2229; x_wconf 83' lang='lat' dir='ltr'>Carditae</span> <span class='ocrx_word' id='word_1_306' title='bbox 1514 2200 1697 2240; x_wconf 80' lang='lat' dir='ltr'>calyculatae</span> <span class='ocrx_word' id='word_1_307' title='bbox 1737 2201 1895 2236; x_wconf 84' lang='lat' dir='ltr'>(Chamae)</span> <span class='ocrx_word' id='word_1_308' title='bbox 1934 2201 2058 2230; x_wconf 89' lang='lat' dir='ltr'>Linnaei</span> 
     </span>
     <span class='ocr_line' id='line_1_31' title="bbox 127 2255 2058 2297; baseline 0.001 -12"><span class='ocrx_word' id='word_1_309' title='bbox 127 2265 143 2285; x_wconf 90' lang='lat' dir='ltr'>e</span> <span class='ocrx_word' id='word_1_310' title='bbox 168 2256 241 2286; x_wconf 86' lang='lat' dir='ltr'>mari</span> <span class='ocrx_word' id='word_1_311' title='bbox 266 2255 492 2285; x_wconf 85' lang='lat' dir='ltr'>mediterraneo</span> <span class='ocrx_word' id='word_1_312' title='bbox 517 2255 632 2294; x_wconf 77' lang='lat' dir='ltr'>affinis,</span> <span class='ocrx_word' id='word_1_313' title='bbox 659 2256 800 2285; x_wconf 88' lang='lat' dir='ltr'>ambitum</span> <span class='ocrx_word' id='word_1_314' title='bbox 827 2256 893 2295; x_wconf 87' lang='lat' dir='ltr'>ejus</span> <span class='ocrx_word' id='word_1_315' title='bbox 918 2255 981 2285; x_wconf 81' lang='lat' dir='ltr'>sere</span> <span class='ocrx_word' id='word_1_316' title='bbox 1008 2259 1113 2285; x_wconf 80' lang='lat' dir='ltr'>exacte</span> <span class='ocrx_word' id='word_1_317' title='bbox 1136 2256 1242 2294; x_wconf 77' lang='lat' dir='ltr'>refert,</span> <span class='ocrx_word' id='word_1_318' title='bbox 1267 2255 1322 2285; x_wconf 90' lang='lat' dir='ltr'>sed</span> <span class='ocrx_word' id='word_1_319' title='bbox 1347 2259 1424 2286; x_wconf 85' lang='lat' dir='ltr'>testa</span> <span class='ocrx_word' id='word_1_320' title='bbox 1449 2260 1551 2286; x_wconf 87' lang='lat' dir='ltr'>nostra</span> <span class='ocrx_word' id='word_1_321' title='bbox 1576 2261 1726 2287; x_wconf 82' lang='lat' dir='ltr'>costarum</span> <span class='ocrx_word' id='word_1_322' title='bbox 1752 2266 1879 2287; x_wconf 87' lang='lat' dir='ltr'>numero</span> <span class='ocrx_word' id='word_1_323' title='bbox 1903 2258 2058 2297; x_wconf 80' lang='lat' dir='ltr'>pauciore,</span> 
     </span>
     <span class='ocr_line' id='line_1_32' title="bbox 127 2311 883 2350; baseline -0.001 -9"><span class='ocrx_word' id='word_1_324' title='bbox 127 2321 165 2341; x_wconf 87' lang='lat' dir='ltr'>nc</span> <span class='ocrx_word' id='word_1_325' title='bbox 190 2311 285 2341; x_wconf 82' lang='lat' dir='ltr'>dicam</span> <span class='ocrx_word' id='word_1_326' title='bbox 311 2311 349 2340; x_wconf 89' lang='lat' dir='ltr'>de</span> <span class='ocrx_word' id='word_1_327' title='bbox 374 2311 438 2341; x_wconf 84' lang='lat' dir='ltr'>aliis</span> <span class='ocrx_word' id='word_1_328' title='bbox 462 2311 650 2350; x_wconf 77' lang='lat' dir='ltr'>differentiis,</span> <span class='ocrx_word' id='word_1_329' title='bbox 676 2313 748 2342; x_wconf 93' lang='lat' dir='ltr'>satis</span> <span class='ocrx_word' id='word_1_330' title='bbox 773 2311 883 2341; x_wconf 76' lang='lat' dir='ltr'>differt.</span> 
     </span>
    </p>

    <p class='ocr_par' dir='ltr' id='par_1_15' title="bbox 258 2367 1775 2408">
     <span class='ocr_line' id='line_1_33' title="bbox 258 2367 1775 2408; baseline 0.002 -11"><span class='ocrx_word' id='word_1_331' title='bbox 258 2367 303 2397; x_wconf 91' lang='lat' dir='ltr'>Ad</span> <span class='ocrx_word' id='word_1_332' title='bbox 332 2367 542 2407; x_wconf 80' lang='lat' dir='ltr'>Mytilicardias</span> <span class='ocrx_word' id='word_1_333' title='bbox 568 2368 682 2399; x_wconf 74' lang='lat' dir='ltr'>BLAinv.</span> <span class='ocrx_word' id='word_1_334' title='bbox 707 2369 771 2406; x_wconf 77' lang='lat' dir='ltr'>(vel</span> <span class='ocrx_word' id='word_1_335' title='bbox 795 2368 1031 2407; x_wconf 81' lang='lat' dir='ltr'>Mytilocarditas</span> <span class='ocrx_word' id='word_1_336' title='bbox 1056 2368 1142 2401; x_wconf 59' lang='lat' dir='ltr'>Anrj)</span> <span class='ocrx_word' id='word_1_337' title='bbox 1167 2368 1298 2407; x_wconf 80' lang='lat' dir='ltr'>pertinet</span> <span class='ocrx_word' id='word_1_338' title='bbox 1322 2368 1410 2398; x_wconf 82' lang='lat' dir='ltr'>sicuti</span> <span class='ocrx_word' id='word_1_339' title='bbox 1434 2370 1554 2408; x_wconf 84' lang='lat' dir='ltr'>species</span> <span class='ocrx_word' id='word_1_340' title='bbox 1579 2370 1775 2400; x_wconf 64' lang='lat' dir='ltr'>antecedens</span> 
     </span>
    </p>
   </div>
   <div class='ocr_carea' id='block_1_12' title="bbox 782 2474 1409 2508">
    <p class='ocr_par' dir='ltr' id='par_1_16' title="bbox 782 2474 1409 2508">
     <span class='ocr_line' id='line_1_34' title="bbox 782 2474 1409 2508; baseline 0.002 -2"><span class='ocrx_word' id='word_1_341' title='bbox 782 2475 862 2507; x_wconf 86' lang='lat'><strong>135.</strong></span> <span class='ocrx_word' id='word_1_342' title='bbox 916 2474 1041 2508; x_wconf 78' lang='lat' dir='ltr'>ARCA</span> <span class='ocrx_word' id='word_1_343' title='bbox 1071 2474 1252 2508; x_wconf 73' lang='lat' dir='ltr'>OB&#39;PUSA</span> <span class='ocrx_word' id='word_1_344' title='bbox 1282 2475 1409 2508; x_wconf 68' lang='lat' dir='ltr'>Rama.</span> 
     </span>
    </p>
   </div>
   <div class='ocr_carea' id='block_1_13' title="bbox 939 2548 1243 2582">
    <p class='ocr_par' dir='ltr' id='par_1_17' title="bbox 939 2548 1243 2582">
     <span class='ocr_line' id='line_1_35' title="bbox 939 2548 1243 2582; baseline 0 -9"><span class='ocrx_word' id='word_1_345' title='bbox 939 2548 1035 2574; x_wconf 82' lang='lat' dir='ltr'>Conch.</span> <span class='ocrx_word' id='word_1_346' title='bbox 1056 2550 1122 2574; x_wconf 86' lang='lat' dir='ltr'>icon.</span> <span class='ocrx_word' id='word_1_347' title='bbox 1144 2558 1182 2582; x_wconf 89' lang='lat' dir='ltr'>sp.</span> <span class='ocrx_word' id='word_1_348' title='bbox 1203 2550 1243 2573; x_wconf 87' lang='lat'>77.</span> 
     </span>
    </p>
   </div>
   <div class='ocr_carea' id='block_1_14' title="bbox 124 2608 2057 2929">
    <p class='ocr_par' dir='ltr' id='par_1_18' title="bbox 124 2608 2057 2929">
     <span class='ocr_line' id='line_1_36' title="bbox 258 2608 2057 2652; baseline 0.002 -15"><span class='ocrx_word' id='word_1_349' title='bbox 258 2608 323 2638; x_wconf 86' lang='lat' dir='ltr'>Duo</span> <span class='ocrx_word' id='word_1_350' title='bbox 360 2609 544 2648; x_wconf 84' lang='lat' dir='ltr'>specimina,</span> <span class='ocrx_word' id='word_1_351' title='bbox 587 2608 712 2639; x_wconf 86' lang='lat' dir='ltr'>alterum</span> <span class='ocrx_word' id='word_1_352' title='bbox 739 2610 859 2649; x_wconf 80' lang='lat' dir='ltr'>junius,</span> <span class='ocrx_word' id='word_1_353' title='bbox 900 2610 1025 2640; x_wconf 80' lang='lat' dir='ltr'>alterum</span> <span class='ocrx_word' id='word_1_354' title='bbox 1061 2610 1202 2640; x_wconf 86' lang='lat' dir='ltr'>adultum.</span> <span class='ocrx_word' id='word_1_355' title='bbox 1248 2611 1371 2642; x_wconf 86' lang='lat' dir='ltr'>Juniora</span> <span class='ocrx_word' id='word_1_356' title='bbox 1410 2612 1497 2652; x_wconf 77' lang='lat' dir='ltr'>hujtis</span> <span class='ocrx_word' id='word_1_357' title='bbox 1537 2612 1649 2652; x_wconf 89' lang='lat' dir='ltr'>speciei</span> <span class='ocrx_word' id='word_1_358' title='bbox 1689 2612 1870 2652; x_wconf 85' lang='lat' dir='ltr'>exemplaria</span> <span class='ocrx_word' id='word_1_359' title='bbox 1910 2614 2057 2642; x_wconf 80' lang='lat' dir='ltr'>Arearum</span> 
     </span>
     <span class='ocr_line' id='line_1_37' title="bbox 133 2664 2056 2708; baseline 0.002 -14"><span class='ocrx_word' id='word_1_360' title='bbox 133 2665 289 2694; x_wconf 88' lang='lat' dir='ltr'>multarum</span> <span class='ocrx_word' id='word_1_361' title='bbox 316 2664 437 2694; x_wconf 85' lang='lat' dir='ltr'>sormam</span> <span class='ocrx_word' id='word_1_362' title='bbox 463 2665 619 2703; x_wconf 66' lang='lat' dir='ltr'>referuntg</span> <span class='ocrx_word' id='word_1_363' title='bbox 654 2670 721 2695; x_wconf 87' lang='lat' dir='ltr'>sunt</span> <span class='ocrx_word' id='word_1_364' title='bbox 748 2666 905 2706; x_wconf 77' lang='lat' dir='ltr'>elongata,</span> <span class='ocrx_word' id='word_1_365' title='bbox 942 2667 1249 2705; x_wconf 70' lang='lat' dir='ltr'>costato—reticulata,</span> <span class='ocrx_word' id='word_1_366' title='bbox 1282 2668 1398 2706; x_wconf 88' lang='lat' dir='ltr'>postice</span> <span class='ocrx_word' id='word_1_367' title='bbox 1432 2669 1525 2698; x_wconf 87' lang='lat' dir='ltr'>costis</span> <span class='ocrx_word' id='word_1_368' title='bbox 1560 2668 1676 2698; x_wconf 90' lang='lat' dir='ltr'>duabus</span> <span class='ocrx_word' id='word_1_369' title='bbox 1709 2669 1880 2708; x_wconf 87' lang='lat' dir='ltr'>squamosis</span> <span class='ocrx_word' id='word_1_370' title='bbox 1916 2669 2056 2708; x_wconf 75' lang='lat' dir='ltr'>insignia,</span> 
     </span>
     <span class='ocr_line' id='line_1_38' title="bbox 134 2720 2054 2763; baseline 0.002 -14"><span class='ocrx_word' id='word_1_371' title='bbox 134 2720 321 2760; x_wconf 82' lang='lat' dir='ltr'>epidermide</span> <span class='ocrx_word' id='word_1_372' title='bbox 355 2720 520 2750; x_wconf 80' lang='lat' dir='ltr'>atro-fusca</span> <span class='ocrx_word' id='word_1_373' title='bbox 556 2721 725 2759; x_wconf 86' lang='lat' dir='ltr'>lamellosa,</span> <span class='ocrx_word' id='word_1_374' title='bbox 766 2722 880 2761; x_wconf 65' lang='lat' dir='ltr'>postire</span> <span class='ocrx_word' id='word_1_375' title='bbox 919 2723 1051 2762; x_wconf 86' lang='lat' dir='ltr'>setigera</span> <span class='ocrx_word' id='word_1_376' title='bbox 1090 2723 1235 2761; x_wconf 63' lang='lat' dir='ltr'>obductag</span> <span class='ocrx_word' id='word_1_377' title='bbox 1276 2727 1374 2754; x_wconf 86' lang='lat' dir='ltr'>aetate</span> <span class='ocrx_word' id='word_1_378' title='bbox 1414 2733 1486 2753; x_wconf 90' lang='lat' dir='ltr'>vero</span> <span class='ocrx_word' id='word_1_379' title='bbox 1519 2725 1613 2763; x_wconf 87' lang='lat' dir='ltr'>magis</span> <span class='ocrx_word' id='word_1_380' title='bbox 1637 2729 1723 2754; x_wconf 88' lang='lat' dir='ltr'>aucta</span> <span class='ocrx_word' id='word_1_381' title='bbox 1748 2725 1902 2763; x_wconf 87' lang='lat' dir='ltr'>sculptura</span> <span class='ocrx_word' id='word_1_382' title='bbox 1941 2724 2054 2754; x_wconf 82' lang='lat' dir='ltr'>sensim</span> 
     </span>
     <span class='ocr_line' id='line_1_39' title="bbox 131 2777 2056 2820; baseline 0.001 -13"><span class='ocrx_word' id='word_1_383' title='bbox 131 2777 309 2807; x_wconf 86' lang='lat' dir='ltr'>obliteratur</span> <span class='ocrx_word' id='word_1_384' title='bbox 333 2780 363 2806; x_wconf 90' lang='lat' dir='ltr'>et</span> <span class='ocrx_word' id='word_1_385' title='bbox 386 2777 556 2815; x_wconf 77' lang='lat' dir='ltr'>evanescit,</span> <span class='ocrx_word' id='word_1_386' title='bbox 592 2777 631 2807; x_wconf 90' lang='lat' dir='ltr'>ita</span> <span class='ocrx_word' id='word_1_387' title='bbox 669 2782 700 2807; x_wconf 92' lang='lat' dir='ltr'>ut</span> <span class='ocrx_word' id='word_1_388' title='bbox 733 2779 898 2818; x_wconf 85' lang='lat' dir='ltr'>marginem</span> <span class='ocrx_word' id='word_1_389' title='bbox 932 2779 1137 2809; x_wconf 83' lang='lat' dir='ltr'>tantummodo</span> <span class='ocrx_word' id='word_1_390' title='bbox 1169 2789 1277 2810; x_wconf 81' lang='lat' dir='ltr'>versus</span> <span class='ocrx_word' id='word_1_391' title='bbox 1312 2784 1511 2810; x_wconf 87' lang='lat' dir='ltr'>conservetur</span> <span class='ocrx_word' id='word_1_392' title='bbox 1535 2780 1707 2819; x_wconf 89' lang='lat' dir='ltr'>epidermis.</span> <span class='ocrx_word' id='word_1_393' title='bbox 1755 2781 1924 2820; x_wconf 85' lang='lat' dir='ltr'>Specimina</span> <span class='ocrx_word' id='word_1_394' title='bbox 1949 2780 2056 2810; x_wconf 89' lang='lat' dir='ltr'>senilia</span> 
     </span>
     <span class='ocr_line' id='line_1_40' title="bbox 128 2832 2054 2876; baseline 0.002 -14"><span class='ocrx_word' id='word_1_395' title='bbox 128 2833 327 2863; x_wconf 85' lang='lat' dir='ltr'>Volsellarum</span> <span class='ocrx_word' id='word_1_396' title='bbox 355 2833 403 2862; x_wconf 90' lang='lat' dir='ltr'>vel</span> <span class='ocrx_word' id='word_1_397' title='bbox 429 2832 623 2863; x_wconf 87' lang='lat' dir='ltr'>Modiolarum</span> <span class='ocrx_word' id='word_1_398' title='bbox 648 2837 753 2869; x_wconf 87' lang='lat' dir='ltr'>(sensu</span> <span class='ocrx_word' id='word_1_399' title='bbox 784 2834 1012 2866; x_wconf 77' lang='lat' dir='ltr'>Lamarckiano)</span> <span class='ocrx_word' id='word_1_400' title='bbox 1046 2835 1174 2865; x_wconf 83' lang='lat' dir='ltr'>habitum</span> <span class='ocrx_word' id='word_1_401' title='bbox 1209 2845 1282 2875; x_wconf 88' lang='lat' dir='ltr'>prae</span> <span class='ocrx_word' id='word_1_402' title='bbox 1317 2845 1351 2865; x_wconf 90' lang='lat' dir='ltr'>se</span> <span class='ocrx_word' id='word_1_403' title='bbox 1385 2835 1500 2873; x_wconf 84' lang='lat' dir='ltr'>serunt,</span> <span class='ocrx_word' id='word_1_404' title='bbox 1537 2837 1564 2866; x_wconf 87' lang='lat' dir='ltr'>id</span> <span class='ocrx_word' id='word_1_405' title='bbox 1600 2836 1678 2876; x_wconf 88' lang='lat' dir='ltr'>quod</span> <span class='ocrx_word' id='word_1_406' title='bbox 1700 2838 1760 2876; x_wconf 85' lang='lat' dir='ltr'>jam</span> <span class='ocrx_word' id='word_1_407' title='bbox 1786 2837 1825 2866; x_wconf 89' lang='lat' dir='ltr'>ait</span> <span class='ocrx_word' id='word_1_408' title='bbox 1850 2836 1920 2866; x_wconf 83' lang='lat' dir='ltr'>clar.</span> <span class='ocrx_word' id='word_1_409' title='bbox 1947 2836 2054 2874; x_wconf 68' lang='lat' dir='ltr'>Reave,</span> 
     </span>
     <span class='ocr_line' id='line_1_41' title="bbox 124 2887 991 2929; baseline 0.002 -11"><span class='ocrx_word' id='word_1_410' title='bbox 124 2889 171 2919; x_wconf 87' lang='lat' dir='ltr'>cui</span> <span class='ocrx_word' id='word_1_411' title='bbox 194 2898 267 2919; x_wconf 78' lang='lat' dir='ltr'>vero</span> <span class='ocrx_word' id='word_1_412' title='bbox 291 2889 455 2928; x_wconf 86' lang='lat' dir='ltr'>specimina</span> <span class='ocrx_word' id='word_1_413' title='bbox 480 2887 599 2929; x_wconf 42' lang='lat' dir='ltr'>,juniora</span> <span class='ocrx_word' id='word_1_414' title='bbox 626 2890 725 2929; x_wconf 80' lang='lat' dir='ltr'>ignota</span> <span class='ocrx_word' id='word_1_415' title='bbox 750 2899 819 2920; x_wconf 89' lang='lat' dir='ltr'>esse</span> <span class='ocrx_word' id='word_1_416' title='bbox 845 2890 991 2920; x_wconf 88' lang='lat' dir='ltr'>videntur.</span> 
     </span>
    </p>
   </div>
  </div>
 </body>
</html>
