2363 3570
890 757 1281 816 GASTROPODA.

700 1010 732 1042 1.
785 1009 1035 1043 S'PROMBUS
1063 1009 1092 1041 V
1096 1008 1295 1042 rr'rA'rUS
1323 1009 1363 1042 L.
1392 1019 1476 1040 varr.

256 1093 337 1123 Haec
367 1094 486 1133 species
520 1094 625 1123 mirum
656 1094 685 1123 in
719 1093 838 1123 modum
869 1094 973 1123 variat.
1021 1093 1087 1123 Duo
1118 1093 1280 1123 varietates
1310 1092 1469 1132 primariae
1502 1091 1651 1121 notandae
1689 1094 1773 1129 sunt,
1815 1091 1909 1121 altera
1940 1091 2059 1121 fortiter

124 1148 229 1187 plicata
253 1152 284 1178 et
306 1149 392 1179 valde
417 1150 576 1190 elongata,
613 1150 651 1179 ita
676 1153 707 1179 ut
732 1150 812 1189 spira
837 1150 972 1179 anfractu
996 1149 1100 1179 ultimo
1124 1149 1245 1189 longior
1268 1149 1307 1178 sit
1331 1148 1503 1184 (Strombus
1528 1148 1653 1177 turritus
1680 1148 1790 1185 Sow.),
1816 1148 1911 1177 altera
1937 1148 2059 1177 brevior

123 1204 307 1234 anfractibus
335 1206 545 1245 superioribus
579 1206 704 1246 basique
735 1206 871 1246 exceptis
903 1206 1086 1237 laevissima.
1121 1223 1161 1228 —
1194 1206 1261 1235 Duo
1293 1214 1370 1244 quae
1402 1207 1522 1234 exstant
1553 1204 1735 1243 exemplaria
1759 1204 1903 1243 Japonica
1936 1203 2059 1233 minime

124 1265 310 1300 congruunt,
343 1262 469 1292 alterum
491 1262 590 1292 vivide
615 1263 780 1292 coloratum
806 1263 886 1302 spira
911 1263 1024 1302 plicosa
1048 1262 1204 1303 angulata,
1236 1262 1380 1299 alterum,
1413 1260 1493 1300 quod
1518 1261 1673 1300 expalluit,
1705 1260 1890 1290 anfractibus
1914 1260 2061 1290 convexis

124 1317 244 1357 insigne
278 1321 334 1347 est.
379 1318 445 1349 Non
478 1319 647 1349 dubitamus
680 1319 851 1349 Strombum
874 1319 1053 1358 Japonicum
1087 1319 1195 1349 Rssevffl
1220 1317 1347 1356 (Concli.
1373 1318 1452 1347 icon.
1476 1326 1525 1347 no.
1549 1316 1605 1350 4⁴2)
1640 1316 1675 1347 ad
1701 1317 1776 1346 lianc
1800 1317 1894 1356 ipsam
1926 1316 2062 1355 speeiem

124 1373 293 1412 pertinere3
327 1375 414 1405 nobis
439 1375 546 1405 saltem
571 1376 704 1406 nondum
728 1376 855 1416 contigit
879 1379 964 1405 notas
990 1379 1167 1406 constantes
1192 1375 1271 1405 inter
1295 1383 1402 1404 ornnes
1427 1374 1518 1404 hasce
1543 1374 1656 1404 formas
1682 1374 1829 1403 invenire.

681 1482 716 1515 2.
769 1481 1019 1515 STROMBUS
1049 1480 1342 1515 SUcclNc'rUS
1373 1483 1411 1515 L.
1439 1492 1507 1514 var.

256 1565 391 1600 Quatuor
415 1568 536 1595 exstant
560 1565 724 1605 specimina
749 1565 835 1605 plane
860 1566 1078 1605 congruentia,
1109 1565 1163 1595 sed
1188 1566 1224 1596 ab
1257 1566 1323 1596 aliis
1355 1565 1458 1595 formiS
1491 1565 1579 1605 liujus
1609 1565 1724 1604 speciei
1758 1564 1888 1594 maxime
1912 1564 2064 1594 variabilis

125 1621 211 1651 valde
242 1621 442 1652 abhorrentia.
490 1622 565 1652 Sunt
599 1622 678 1651 enim
711 1622 802 1652 multo
832 1621 936 1652 latiora
969 1630 1135 1662 eorumque
1169 1623 1213 1652 ala
1243 1623 1272 1652 in
1305 1622 1439 1653 canalem
1473 1622 1642 1662 longiorem
1675 1621 1820 1661 producta
1845 1624 1903 1659 est,
1929 1620 2007 1660 quod
2033 1621 2062 1650 in

126 1677 192 1707 aliis
226 1678 440 1718 speciminibus
471 1687 530 1707 non
561 1678 750 1708 observatur.
798 1678 870 1708 Cum
903 1687 977 1708 vero
1010 1679 1039 1708 in
1072 1679 1280 1709 Stromborum
1310 1688 1426 1719 genere
1459 1678 1569 1709 inultae
1599 1679 1628 1708 in
1662 1687 1718 1708 una
1756 1677 1924 1717 eademque
1960 1677 2065 1716 specie

126 1735 270 1764 varitates
289 1735 471 1774 saepissime
496 1739 666 1774 occurrant,
692 1735 767 1765 hanc
792 1735 916 1765 formam
940 1735 1112 1775 Japonicam
1138 1745 1192 1775 pro
1217 1735 1320 1775 specie
1346 1736 1478 1775 genuina
1504 1744 1562 1765 non
1589 1734 1755 1764 habendam
1781 1742 1851 1763 esse
1878 1737 2028 1774 putamus.

258 1791 330 1821 Cum
355 1791 494 1821 Stronibo
518 1791 720 1822 antecedente
744 1791 780 1822 ad
807 1791 969 1822 Gallinulas
995 1791 1102 1822 Kleinii
1127 1792 1268 1832 pertinet.

618 1898 653 1930 3.
708 1897 1019 1931 PLEURO'POMA
1051 1897 1354 1931 tN'rERRUP'rA
1382 1897 1472 1930 Lm.
1499 1907 1568 1929 var.

258 1980 418 2020 Specimen
452 1981 572 2010 unicum
611 1980 728 2011 allatum
763 1985 809 2010 est
842 1980 1002 2019 cochleae,
1036 1990 1123 2020 quam
1157 1990 1211 2021 pro
1243 1982 1390 2011 varietate
1426 1981 1637 2010 Pleurotomae
1673 1980 1860 2020 interruptae
1895 1979 2067 2010 Lamarckii

128 2037 286 2075 habemus,
312 2037 448 2076 quamvis
473 2046 488 2066 a
514 2036 618 2077 figuris
647 2037 659 2066 1
680 2047 700 2067 a
716 2038 733 2067 b
758 2038 787 2066 in
811 2037 932 2076 Encycl.
959 2037 1060 2075 mem„
1085 2037 1208 2066 Kieneri
1232 2037 1313 2067 leon.
1337 2037 1392 2067 des
1418 2037 1490 2076 Coq.
1515 2037 1571 2067 viv.
1596 2037 1669 2067 Tab.
1693 2036 1755 2075 XII,
1782 2036 1829 2076 fig.
1855 2035 1873 2066 2
1899 2039 1930 2066 et
1952 2036 2067 2066 Reevei

126 2093 174 2134 fig.
200 2093 237 2123 51
264 2093 362 2133 paullo
387 2093 532 2123 discedat.
579 2093 667 2123 Testa
695 2094 773 2123 enim
806 2094 964 2134 angustior
989 2094 1091 2124 colore
1125 2094 1305 2124 obscuriore
1340 2094 1426 2124 fusco
1461 2094 1591 2133 insignis
1610 2097 1665 2124 est.
1697 2093 1808 2123 Costae
1833 2092 2068 2132 longitudinales

128 2149 326 2189 subobliquae
365 2150 517 2189 lineisque
557 2149 683 2179 elevatis
723 2151 906 2180 transversis
945 2159 1042 2190 aeque
1082 2150 1261 2180 distantibus
1301 2151 1483 2181 decussatae
1520 2151 1549 2179 in
1589 2150 1726 2180 anfractu
1760 2149 1865 2179 ultimo
1900 2149 2061 2179 duodecim

126 2210 332 2236 numerantur.
377 2206 528 2246 Apertura
561 2210 688 2247 angusta
726 2206 843 2236 tertiam
878 2207 1000 2237 circiter
1036 2210 1132 2237 testae
1156 2211 1271 2246 partem
1296 2211 1413 2247 aequat.
1461 2208 1568 2238 Sutura
1601 2207 1678 2236 linea
1711 2205 1819 2245 pallida
1843 2215 1940 2245 paene
1965 2205 2062 2236 albida

128 2263 246 2302 signata
271 2266 327 2292 est.

258 2319 447 2349 Pleurotonia
473 2318 639 2358 interrupta
669 2320 705 2349 ad
741 2319 855 2349 rarlora
893 2319 1034 2349 Mollusca
1065 2320 1219 2359 pertinere
1251 2320 1386 2358 videtur,
1424 2329 1490 2349 cum
1521 2320 1550 2349 in
1583 2318 1815 2349 collectionibus
1849 2318 2063 2348 Molluseorum

127 2375 203 2407 haud
230 2376 407 2416 frequenter
431 2380 580 2406 occurrat.

645 2475 680 2507 «1.
735 2472 1051 2507 PLEURO'POMA
1082 2472 1432 2507 OC'PANGULA'I'A
1461 2473 1549 2506 Dim.

779 2548 844 2572 Vide
865 2547 926 2572 'l'ab.
947 2554 1025 2574 nostr.
1045 2548 1066 2581 1,
1087 2549 1128 2582 lig.
1150 2548 1182 2572 13
1202 2556 1286 2581 magn.
1307 2552 1393 2573 aucta.

258 2620 347 2650 Testa
372 2620 620 2659 ovato-oblonga,
647 2618 883 2656 subsusiformis,
909 2618 1016 2657 albida,
1043 2618 1163 2658 cingula
1189 2618 1271 2648 fusca
1296 2619 1463 2656 interrupta
1488 2620 1610 2654 ornata,
1635 2625 1690 2655 per
1713 2616 1935 2656 longitudinem
1959 2625 2064 2646 crasse

129 2682 244 2708 costata
269 2678 527 2717 transversimque
552 2677 732 2714 substriata,
768 2676 921 2706 anlractus
948 2685 1083 2716 superne
1108 2675 1257 2716 angulati,
1292 2677 1432 2714 apertura
1457 2677 1597 2712 angusta,
1623 2673 1734 2712 spiram
1760 2682 1912 2712 aequans,
1947 2672 2062 2702 labrum

127 2744 262 2765 crassum
287 2734 544 2771 obtusiusculuin3
569 2737 703 2764 rostrum
728 2733 950 2763 brevissimum.

337 2799 585 2829 Pleurotoina
610 2798 867 2838 oetangulata
891 2797 964 2827 Dim.
989 2798 1017 2827 in
1043 2797 1187 2827 malakoz.
1214 2796 1254 2826 Bl.
1279 2796 1336 2825 vol.
1361 2795 1407 2833 Vl,
1433 2804 1499 2835 pag.
1524 2793 1597 2824 2:34.

258 2865 462 2905 Magnitudine
487 2864 605 2894 variare
629 2863 749 2893 videtur
772 2863 927 2894 coclileola
952 2866 1074 2900 nostra,
1101 2862 1260 2892 maximum
1285 2861 1442 2900 utriusque
1468 2859 1546 2900 quod
1568 2863 1666 2889 exstat
1683 2859 1858 2899 speciminis
1876 2858 2062 2888 altitudinem

132 2919 170 2952 10
195 2921 264 2951 mill.
290 2921 354 2951 fere
387 2921 520 2961 attingit,
555 2922 682 2961 ejusque
707 2920 830 2950 latitudo
855 2918 874 2949 4
900 2919 968 2949 mill.
993 2922 1111 2958 aequat.
1157 2918 1247 2948 Testa
1272 2917 1367 2947 solida
1393 2917 1468 2955 alba,
1496 2916 1587 2946 fascia
1614 2917 1698 2945 fusca
1723 2915 1891 2954 interrupta
1919 2915 1946 2944 in
1966 2913 2065 2944 medio

1632 2965 1644 2993 l
